<?xml version="1.0" encoding="UTF-8"?>
<!DOCTYPE html PUBLIC "-//W3C//DTD XHTML 1.0 Transitional//EN"
    "http://www.w3.org/TR/xhtml1/DTD/xhtml1-transitional.dtd">
<html xmlns="http://www.w3.org/1999/xhtml" xml:lang="en" lang="en">
 <head>
  <title>
</title>
<meta http-equiv="Content-Type" content="text/html;charset=utf-8" />
  <meta name='ocr-system' content='tesseract 3.04.00' />
  <meta name='ocr-capabilities' content='ocr_page ocr_carea ocr_par ocr_line ocrx_word'/>
</head>
<body>
  <div class='ocr_page' id='page_1' title='image "./quaeratiointerce00koetuoft_0122.png"; bbox 0 0 2274 4036; ppageno 0'>
   <div class='ocr_carea' id='block_1_1' title="bbox 1098 276 1428 329">
    <p class='ocr_par' dir='ltr' id='par_1_1' title="bbox 1098 276 1428 329">
     <span class='ocr_line' id='line_1_1' title="bbox 1098 276 1428 329; baseline 0.003 -1"><span class='ocrx_word' id='word_1_1' title='bbox 1098 276 1428 329; x_wconf 78' lang='lat'>—106—</span> 
     </span>
    </p>
   </div>
   <div class='ocr_carea' id='block_1_2' title="bbox 375 453 2168 3474">
    <p class='ocr_par' dir='ltr' id='par_1_2' title="bbox 375 453 2155 1421">
     <span class='ocr_line' id='line_1_2' title="bbox 376 453 2148 530; baseline 0.002 -24"><span class='ocrx_word' id='word_1_2' title='bbox 376 453 601 522; x_wconf 81' lang='lat' dir='ltr'><strong>sustulit,</strong></span> <span class='ocrx_word' id='word_1_3' title='bbox 647 469 764 506; x_wconf 89' lang='lat' dir='ltr'><strong>cum</strong></span> <span class='ocrx_word' id='word_1_4' title='bbox 794 453 1033 507; x_wconf 84' lang='lat' dir='ltr'>ordinem</span> <span class='ocrx_word' id='word_1_5' title='bbox 1062 454 1151 522; x_wconf 85' lang='lat' dir='ltr'><strong>fig.</strong></span> <span class='ocrx_word' id='word_1_6' title='bbox 1185 455 1233 522; x_wconf 82' lang='lat'><strong>7,</strong></span> <span class='ocrx_word' id='word_1_7' title='bbox 1267 454 1351 522; x_wconf 80' lang='lat'><strong>15,</strong></span> <span class='ocrx_word' id='word_1_8' title='bbox 1378 455 1456 509; x_wconf 81' lang='lat'><strong>-16</strong></span> <span class='ocrx_word' id='word_1_9' title='bbox 1487 453 1808 530; x_wconf 86' lang='lat' dir='ltr'><strong>descriptum</strong></span> <span class='ocrx_word' id='word_1_10' title='bbox 1841 460 1975 510; x_wconf 82' lang='grc' dir='ltr'>κατὰ</span> <span class='ocrx_word' id='word_1_11' title='bbox 2017 458 2148 526; x_wconf 81' lang='grc' dir='ltr'>ζυγά</span> 
     </span>
     <span class='ocr_line' id='line_1_3' title="bbox 377 525 2150 612; baseline 0.001 -17"><span class='ocrx_word' id='word_1_12' title='bbox 377 543 577 595; x_wconf 86' lang='lat' dir='ltr'><strong>factum</strong></span> <span class='ocrx_word' id='word_1_13' title='bbox 619 558 739 595; x_wconf 90' lang='lat' dir='ltr'><strong>esse</strong></span> <span class='ocrx_word' id='word_1_14' title='bbox 781 525 1141 610; x_wconf 43' lang='lat' dir='ltr'><strong>dixit3&#39;immo</strong></span> <span class='ocrx_word' id='word_1_15' title='bbox 1181 560 1308 596; x_wconf 88' lang='lat' dir='ltr'><strong>vero</strong></span> <span class='ocrx_word' id='word_1_16' title='bbox 1349 542 1484 596; x_wconf 87' lang='lat' dir='ltr'><strong>haec</strong></span> <span class='ocrx_word' id='word_1_17' title='bbox 1525 543 1825 612; x_wconf 84' lang='lat' dir='ltr'><strong>designatio</strong></span> <span class='ocrx_word' id='word_1_18' title='bbox 1865 560 2039 611; x_wconf 89' lang='lat' dir='ltr'><strong>neque</strong></span> <span class='ocrx_word' id='word_1_19' title='bbox 2080 544 2150 596; x_wconf 84' lang='lat' dir='ltr'><strong>ad</strong></span> 
     </span>
     <span class='ocr_line' id='line_1_4' title="bbox 375 631 2149 706; baseline -0.001 -20"><span class='ocrx_word' id='word_1_20' title='bbox 375 649 460 686; x_wconf 90' lang='lat' dir='ltr'><strong>res</strong></span> <span class='ocrx_word' id='word_1_21' title='bbox 488 632 767 685; x_wconf 90' lang='lat' dir='ltr'><strong>scaenicas</strong></span> <span class='ocrx_word' id='word_1_22' title='bbox 810 631 1051 701; x_wconf 79' lang='lat' dir='ltr'>quadrat,</span> <span class='ocrx_word' id='word_1_23' title='bbox 1092 649 1217 684; x_wconf 88' lang='lat' dir='ltr'><strong>nam</strong></span> <span class='ocrx_word' id='word_1_24' title='bbox 1256 649 1363 684; x_wconf 90' lang='lat' dir='ltr'><strong>non</strong></span> <span class='ocrx_word' id='word_1_25' title='bbox 1403 635 1553 705; x_wconf 78' lang='grc' dir='ltr'>ζυγά,</span> <span class='ocrx_word' id='word_1_26' title='bbox 1596 632 1692 685; x_wconf 88' lang='lat' dir='ltr'><strong>sed</strong></span> <span class='ocrx_word' id='word_1_27' title='bbox 1733 644 1930 706; x_wconf 84' lang='grc' dir='ltr'>στοῖχοι</span> <span class='ocrx_word' id='word_1_28' title='bbox 1961 632 2149 686; x_wconf 87' lang='lat' dir='ltr'><strong>eodem</strong></span> 
     </span>
     <span class='ocr_line' id='line_1_5' title="bbox 376 721 2150 791; baseline 0 -17"><span class='ocrx_word' id='word_1_29' title='bbox 376 728 615 791; x_wconf 90' lang='lat' dir='ltr'><strong>tempore</strong></span> <span class='ocrx_word' id='word_1_30' title='bbox 657 727 709 774; x_wconf 91' lang='lat' dir='ltr'><strong>et</strong></span> <span class='ocrx_word' id='word_1_31' title='bbox 746 721 799 774; x_wconf 92' lang='lat' dir='ltr'><strong>in</strong></span> <span class='ocrx_word' id='word_1_32' title='bbox 847 721 1037 774; x_wconf 84' lang='lat' dir='ltr'><strong>eodem</strong></span> <span class='ocrx_word' id='word_1_33' title='bbox 1085 721 1269 774; x_wconf 81' lang='lat' dir='ltr'>ordine</span> <span class='ocrx_word' id='word_1_34' title='bbox 1334 722 1646 791; x_wconf 87' lang='lat' dir='ltr'><strong>procedunt,</strong></span> <span class='ocrx_word' id='word_1_35' title='bbox 1705 739 1879 790; x_wconf 90' lang='lat' dir='ltr'><strong>neque</strong></span> <span class='ocrx_word' id='word_1_36' title='bbox 1945 721 2014 775; x_wconf 88' lang='lat' dir='ltr'><strong>ad</strong></span> <span class='ocrx_word' id='word_1_37' title='bbox 2066 738 2150 775; x_wconf 89' lang='lat' dir='ltr'><strong>res</strong></span> 
     </span>
     <span class='ocr_line' id='line_1_6' title="bbox 376 811 2150 879; baseline 0 -16"><span class='ocrx_word' id='word_1_38' title='bbox 376 811 648 879; x_wconf 87' lang='lat' dir='ltr'><strong>militares,</strong></span> <span class='ocrx_word' id='word_1_39' title='bbox 676 827 801 863; x_wconf 90' lang='lat' dir='ltr'><strong>nam</strong></span> <span class='ocrx_word' id='word_1_40' title='bbox 822 811 876 864; x_wconf 93' lang='lat' dir='ltr'><strong>in</strong></span> <span class='ocrx_word' id='word_1_41' title='bbox 902 812 1139 864; x_wconf 77' lang='lat' dir='ltr'><strong>¹exercitu</strong></span> <span class='ocrx_word' id='word_1_42' title='bbox 1166 827 1380 879; x_wconf 83' lang='lat' dir='ltr'><strong>semper</strong></span> <span class='ocrx_word' id='word_1_43' title='bbox 1402 811 1529 879; x_wconf 83' lang='lat' dir='ltr'><strong>iuga</strong></span> <span class='ocrx_word' id='word_1_44' title='bbox 1556 811 1662 864; x_wconf 89' lang='lat' dir='ltr'><strong>alia</strong></span> <span class='ocrx_word' id='word_1_45' title='bbox 1691 812 1799 864; x_wconf 86' lang='lat' dir='ltr'><strong>alia</strong></span> <span class='ocrx_word' id='word_1_46' title='bbox 1826 812 2150 879; x_wconf 88' lang='lat' dir='ltr'><strong>subsequun-</strong></span> 
     </span>
     <span class='ocr_line' id='line_1_7' title="bbox 376 900 2152 974; baseline -0.001 -21"><span class='ocrx_word' id='word_1_47' title='bbox 376 907 476 969; x_wconf 86' lang='lat' dir='ltr'><strong>tur,</strong></span> <span class='ocrx_word' id='word_1_48' title='bbox 536 900 759 953; x_wconf 91' lang='lat' dir='ltr'><strong>vocibus</strong></span> <span class='ocrx_word' id='word_1_49' title='bbox 794 900 951 968; x_wconf 86' lang='lat' dir='ltr'><strong>igitur</strong></span> <span class='ocrx_word' id='word_1_50' title='bbox 989 906 1123 956; x_wconf 85' lang='grc' dir='ltr'><strong>κατά</strong></span> <span class='ocrx_word' id='word_1_51' title='bbox 1164 903 1295 973; x_wconf 81' lang='grc' dir='ltr'><strong>ζυγά</strong></span> <span class='ocrx_word' id='word_1_52' title='bbox 1337 906 1389 953; x_wconf 86' lang='grc'><strong>01</strong></span> <span class='ocrx_word' id='word_1_53' title='bbox 1426 905 1560 956; x_wconf 87' lang='grc' dir='ltr'>κατὰ</span> <span class='ocrx_word' id='word_1_54' title='bbox 1601 904 1838 974; x_wconf 76' lang='grc' dir='ltr'>στοίχους</span> <span class='ocrx_word' id='word_1_55' title='bbox 1887 901 2152 970; x_wconf 88' lang='lat' dir='ltr'><strong>usurpatis</strong></span> 
     </span>
     <span class='ocr_line' id='line_1_8' title="bbox 379 989 2151 1059; baseline 0 -17"><span class='ocrx_word' id='word_1_56' title='bbox 379 990 625 1043; x_wconf 89' lang='lat' dir='ltr'><strong>diversae</strong></span> <span class='ocrx_word' id='word_1_57' title='bbox 652 989 980 1059; x_wconf 91' lang='lat' dir='ltr'><strong>procedendi</strong></span> <span class='ocrx_word' id='word_1_58' title='bbox 1005 991 1242 1044; x_wconf 89' lang='lat' dir='ltr'><strong>rationes</strong></span> <span class='ocrx_word' id='word_1_59' title='bbox 1269 991 1406 1043; x_wconf 88' lang='lat' dir='ltr'><strong>inter</strong></span> <span class='ocrx_word' id='word_1_60' title='bbox 1432 1007 1490 1043; x_wconf 90' lang='lat' dir='ltr'><strong>se</strong></span> <span class='ocrx_word' id='word_1_61' title='bbox 1519 990 1771 1058; x_wconf 80' lang='lat' dir='ltr'><strong>distingui</strong></span> <span class='ocrx_word' id='word_1_62' title='bbox 1799 990 1886 1044; x_wconf 89' lang='lat' dir='ltr'><strong>vix</strong></span> <span class='ocrx_word' id='word_1_63' title='bbox 1913 995 2151 1059; x_wconf 86' lang='lat' dir='ltr'><strong>possunt.</strong></span> 
     </span>
     <span class='ocr_line' id='line_1_9' title="bbox 377 1078 2155 1149; baseline 0 -18"><span class='ocrx_word' id='word_1_64' title='bbox 377 1080 596 1132; x_wconf 88' lang='lat' dir='ltr'><strong>Missum</strong></span> <span class='ocrx_word' id='word_1_65' title='bbox 655 1079 813 1148; x_wconf 88' lang='lat' dir='ltr'><strong>igitur</strong></span> <span class='ocrx_word' id='word_1_66' title='bbox 866 1079 1127 1133; x_wconf 87' lang='lat' dir='ltr'><strong>faciamus</strong></span> <span class='ocrx_word' id='word_1_67' title='bbox 1187 1090 1447 1132; x_wconf 83' lang='lat' dir='ltr'><strong>conexum</strong></span> <span class='ocrx_word' id='word_1_68' title='bbox 1509 1097 1626 1132; x_wconf 88' lang='lat' dir='ltr'><strong>cum</strong></span> <span class='ocrx_word' id='word_1_69' title='bbox 1679 1078 2038 1149; x_wconf 79' lang='lat' dir='ltr'><strong>Xenophonte</strong></span> <span class='ocrx_word' id='word_1_70' title='bbox 2104 1084 2155 1131; x_wconf 92' lang='lat' dir='ltr'><strong>et</strong></span> 
     </span>
     <span class='ocr_line' id='line_1_10' title="bbox 378 1168 2151 1239; baseline -0.001 -17"><span class='ocrx_word' id='word_1_71' title='bbox 378 1169 600 1222; x_wconf 90' lang='lat' dir='ltr'><strong>Arriano</strong></span> <span class='ocrx_word' id='word_1_72' title='bbox 631 1174 683 1222; x_wconf 90' lang='lat' dir='ltr'><strong>et</strong></span> <span class='ocrx_word' id='word_1_73' title='bbox 708 1168 984 1222; x_wconf 82' lang='lat' dir='ltr'><strong>Pollucem</strong></span> <span class='ocrx_word' id='word_1_74' title='bbox 1026 1169 1193 1222; x_wconf 88' lang='lat' dir='ltr'><strong>secuti</strong></span> <span class='ocrx_word' id='word_1_75' title='bbox 1231 1168 1509 1239; x_wconf 85' lang='lat' dir='ltr'><strong>parodum,</strong></span> <span class='ocrx_word' id='word_1_76' title='bbox 1552 1170 1699 1222; x_wconf 86' lang='lat' dir='ltr'><strong>cuius</strong></span> <span class='ocrx_word' id='word_1_77' title='bbox 1738 1169 1962 1222; x_wconf 88' lang='lat' dir='ltr'><strong>formam</strong></span> <span class='ocrx_word' id='word_1_78' title='bbox 2001 1168 2091 1236; x_wconf 84' lang='lat' dir='ltr'><strong>fig.</strong></span> <span class='ocrx_word' id='word_1_79' title='bbox 2123 1169 2151 1220; x_wconf 75' lang='lat'><strong>7</strong></span> 
     </span>
     <span class='ocr_line' id='line_1_11' title="bbox 381 1256 2154 1332; baseline -0.001 -21"><span class='ocrx_word' id='word_1_80' title='bbox 381 1264 433 1311; x_wconf 88' lang='lat' dir='ltr'><strong>et</strong></span> <span class='ocrx_word' id='word_1_81' title='bbox 472 1258 564 1326; x_wconf 83' lang='lat' dir='ltr'><strong>fig.</strong></span> <span class='ocrx_word' id='word_1_82' title='bbox 604 1256 672 1310; x_wconf 78' lang='lat'><strong>15</strong></span> <span class='ocrx_word' id='word_1_83' title='bbox 714 1257 990 1327; x_wconf 75' lang='lat' dir='ltr'><strong>descripsi,</strong></span> <span class='ocrx_word' id='word_1_84' title='bbox 1032 1263 1166 1314; x_wconf 88' lang='grc' dir='ltr'>κατὰ</span> <span class='ocrx_word' id='word_1_85' title='bbox 1207 1262 1462 1332; x_wconf 80' lang='grc' dir='ltr'>στοίχους,</span> <span class='ocrx_word' id='word_1_86' title='bbox 1506 1275 1639 1328; x_wconf 90' lang='lat' dir='ltr'><strong>eam,</strong></span> <span class='ocrx_word' id='word_1_87' title='bbox 1683 1258 1830 1311; x_wconf 89' lang='lat' dir='ltr'><strong>cuius</strong></span> <span class='ocrx_word' id='word_1_88' title='bbox 1869 1258 2154 1326; x_wconf 83' lang='lat' dir='ltr'><strong>imaginem</strong></span> 
     </span>
     <span class='ocr_line' id='line_1_12' title="bbox 378 1347 2153 1421; baseline 0.001 -21"><span class='ocrx_word' id='word_1_89' title='bbox 378 1347 479 1416; x_wconf 56' lang='lat' dir='ltr'><strong>fig„</strong></span> <span class='ocrx_word' id='word_1_90' title='bbox 503 1348 535 1400; x_wconf 83' lang='lat'>6</span> <span class='ocrx_word' id='word_1_91' title='bbox 566 1347 890 1400; x_wconf 87' lang='lat' dir='ltr'><strong>delineatam</strong></span> <span class='ocrx_word' id='word_1_92' title='bbox 932 1347 1103 1417; x_wconf 79' lang='lat' dir='ltr'><strong>videS,</strong></span> <span class='ocrx_word' id='word_1_93' title='bbox 1132 1354 1266 1403; x_wconf 71' lang='grc' dir='ltr'>κατὰ</span> <span class='ocrx_word' id='word_1_94' title='bbox 1308 1351 1440 1421; x_wconf 77' lang='grc' dir='ltr'>ζυγά</span> <span class='ocrx_word' id='word_1_95' title='bbox 1481 1348 1678 1401; x_wconf 86' lang='lat' dir='ltr'><strong>factam</strong></span> <span class='ocrx_word' id='word_1_96' title='bbox 1709 1365 1828 1402; x_wconf 87' lang='lat' dir='ltr'><strong>esse</strong></span> <span class='ocrx_word' id='word_1_97' title='bbox 1858 1347 2153 1402; x_wconf 73' lang='lat' dir='ltr'><strong>credamus</strong></span> 
     </span>
    </p>

    <p class='ocr_par' dir='ltr' id='par_1_3' title="bbox 381 1436 2168 3474">
     <span class='ocr_line' id='line_1_13' title="bbox 557 1436 2158 1491; baseline 0.001 -2"><span class='ocrx_word' id='word_1_98' title='bbox 557 1437 750 1489; x_wconf 80' lang='lat' dir='ltr'><strong>Pollux</strong></span> <span class='ocrx_word' id='word_1_99' title='bbox 807 1442 983 1490; x_wconf 87' lang='lat' dir='ltr'><strong>autem</strong></span> <span class='ocrx_word' id='word_1_100' title='bbox 1037 1444 1088 1490; x_wconf 92' lang='lat' dir='ltr'><strong>et</strong></span> <span class='ocrx_word' id='word_1_101' title='bbox 1133 1437 1355 1491; x_wconf 89' lang='lat' dir='ltr'><strong>Photius</strong></span> <span class='ocrx_word' id='word_1_102' title='bbox 1406 1455 1504 1491; x_wconf 90' lang='lat' dir='ltr'><strong>nos</strong></span> <span class='ocrx_word' id='word_1_103' title='bbox 1546 1439 1705 1491; x_wconf 88' lang='lat' dir='ltr'><strong>etiam</strong></span> <span class='ocrx_word' id='word_1_104' title='bbox 1746 1455 1964 1491; x_wconf 87' lang='lat' dir='ltr'><strong>causam</strong></span> <span class='ocrx_word' id='word_1_105' title='bbox 2002 1436 2158 1490; x_wconf 86' lang='lat' dir='ltr'><strong>huius</strong></span> 
     </span>
     <span class='ocr_line' id='line_1_14' title="bbox 382 1526 2158 1594; baseline 0.001 -16"><span class='ocrx_word' id='word_1_106' title='bbox 382 1526 774 1594; x_wconf 87' lang='lat' dir='ltr'><strong>discrepantiae</strong></span> <span class='ocrx_word' id='word_1_107' title='bbox 830 1526 965 1579; x_wconf 89' lang='lat' dir='ltr'><strong>inter</strong></span> <span class='ocrx_word' id='word_1_108' title='bbox 1014 1543 1100 1580; x_wconf 88' lang='lat' dir='ltr'><strong>res</strong></span> <span class='ocrx_word' id='word_1_109' title='bbox 1139 1527 1396 1580; x_wconf 88' lang='lat' dir='ltr'><strong>militares</strong></span> <span class='ocrx_word' id='word_1_110' title='bbox 1438 1534 1489 1579; x_wconf 94' lang='lat' dir='ltr'><strong>et</strong></span> <span class='ocrx_word' id='word_1_111' title='bbox 1528 1527 1805 1580; x_wconf 79' lang='lat' dir='ltr'><strong>sca-enicas</strong></span> <span class='ocrx_word' id='word_1_112' title='bbox 1842 1526 2158 1594; x_wconf 84' lang='lat' dir='ltr'><strong>intellegere</strong></span> 
     </span>
     <span class='ocr_line' id='line_1_15' title="bbox 382 1614 2155 1688; baseline -0.001 -20"><span class='ocrx_word' id='word_1_113' title='bbox 382 1615 664 1685; x_wconf 89' lang='lat' dir='ltr'><strong>docebunt,</strong></span> <span class='ocrx_word' id='word_1_114' title='bbox 710 1616 754 1668; x_wconf 92' lang='lat' dir='ltr'><strong>si</strong></span> <span class='ocrx_word' id='word_1_115' title='bbox 797 1614 1105 1683; x_wconf 84' lang='lat' dir='ltr'><strong>diligentius</strong></span> <span class='ocrx_word' id='word_1_116' title='bbox 1152 1633 1331 1669; x_wconf 91' lang='lat' dir='ltr'><strong>eorum</strong></span> <span class='ocrx_word' id='word_1_117' title='bbox 1374 1617 1678 1669; x_wconf 88' lang='lat' dir='ltr'><strong>testimonia</strong></span> <span class='ocrx_word' id='word_1_118' title='bbox 1717 1616 2155 1688; x_wconf 82' lang='lat' dir='ltr'><strong>reputaverimus.</strong></span> 
     </span>
     <span class='ocr_line' id='line_1_16' title="bbox 384 1705 2155 1779; baseline 0 -19"><span class='ocrx_word' id='word_1_119' title='bbox 384 1708 509 1778; x_wconf 81' lang='grc' dir='ltr'>μέρη</span> <span class='ocrx_word' id='word_1_120' title='bbox 561 1709 617 1759; x_wconf 85' lang='grc' dir='ltr'><strong>δὲ</strong></span> <span class='ocrx_word' id='word_1_121' title='bbox 658 1717 835 1778; x_wconf 82' lang='grc' dir='ltr'>χοροῦ,</span> <span class='ocrx_word' id='word_1_122' title='bbox 878 1705 1048 1773; x_wconf 87' lang='lat' dir='ltr'><strong>inquit</strong></span> <span class='ocrx_word' id='word_1_123' title='bbox 1086 1705 1279 1758; x_wconf 84' lang='lat' dir='ltr'><strong>Pollux</strong></span> <span class='ocrx_word' id='word_1_124' title='bbox 1315 1706 1388 1758; x_wconf 92' lang='lat' dir='ltr'><strong>IV</strong></span> <span class='ocrx_word' id='word_1_125' title='bbox 1431 1706 1552 1777; x_wconf 81' lang='lat'><strong>108,</strong></span> <span class='ocrx_word' id='word_1_126' title='bbox 1596 1717 1801 1779; x_wconf 82' lang='grc' dir='ltr'>στοῖχος</span> <span class='ocrx_word' id='word_1_127' title='bbox 1848 1709 1934 1760; x_wconf 83' lang='grc' dir='ltr'>καί</span> <span class='ocrx_word' id='word_1_128' title='bbox 1976 1708 2155 1778; x_wconf 77' lang='grc' dir='ltr'>ζυγὸν.</span> 
     </span>
     <span class='ocr_line' id='line_1_17' title="bbox 382 1797 2159 1868; baseline 0 -19"><span class='ocrx_word' id='word_1_129' title='bbox 382 1800 470 1849; x_wconf 76' lang='grc' dir='ltr'><strong>καὶ</strong></span> <span class='ocrx_word' id='word_1_130' title='bbox 521 1805 767 1867; x_wconf 75' lang='grc' dir='ltr'>τραγικοῦ</span> <span class='ocrx_word' id='word_1_131' title='bbox 820 1799 911 1867; x_wconf 87' lang='grc' dir='ltr'><strong>μὲν</strong></span> <span class='ocrx_word' id='word_1_132' title='bbox 963 1805 1123 1868; x_wconf 83' lang='grc' dir='ltr'>χοροῦ</span> <span class='ocrx_word' id='word_1_133' title='bbox 1174 1799 1306 1866; x_wconf 78' lang='grc' dir='ltr'>ζυγὰ</span> <span class='ocrx_word' id='word_1_134' title='bbox 1351 1798 1501 1851; x_wconf 87' lang='grc' dir='ltr'>πέντε</span> <span class='ocrx_word' id='word_1_135' title='bbox 1542 1797 1603 1849; x_wconf 83' lang='grc' dir='ltr'><strong>ἐκ</strong></span> <span class='ocrx_word' id='word_1_136' title='bbox 1640 1806 1792 1866; x_wconf 83' lang='grc' dir='ltr'>τριῶν</span> <span class='ocrx_word' id='word_1_137' title='bbox 1832 1799 1919 1850; x_wconf 82' lang='grc' dir='ltr'><strong>καὶ</strong></span> <span class='ocrx_word' id='word_1_138' title='bbox 1961 1805 2159 1867; x_wconf 88' lang='grc' dir='ltr'>στοῖχοι</span> 
     </span>
     <span class='ocr_line' id='line_1_18' title="bbox 381 1883 2159 1957; baseline 0 -18"><span class='ocrx_word' id='word_1_139' title='bbox 381 1894 512 1956; x_wconf 83' lang='grc' dir='ltr'>τρεῖς</span> <span class='ocrx_word' id='word_1_140' title='bbox 572 1887 633 1938; x_wconf 85' lang='grc' dir='ltr'><strong>ἐκ</strong></span> <span class='ocrx_word' id='word_1_141' title='bbox 691 1886 881 1940; x_wconf 87' lang='grc' dir='ltr'>πέντε.</span> <span class='ocrx_word' id='word_1_142' title='bbox 941 1884 1030 1937; x_wconf 88' lang='lat' dir='ltr'><strong>IV.</strong></span> <span class='ocrx_word' id='word_1_143' title='bbox 1076 1883 1209 1938; x_wconf 80' lang='lat'>109:</span> <span class='ocrx_word' id='word_1_144' title='bbox 1260 1888 1287 1939; x_wconf 84' lang='grc' dir='ltr'>ὁ</span> <span class='ocrx_word' id='word_1_145' title='bbox 1328 1887 1385 1939; x_wconf 86' lang='grc' dir='ltr'><strong>δὲ</strong></span> <span class='ocrx_word' id='word_1_146' title='bbox 1425 1890 1654 1957; x_wconf 80' lang='grc' dir='ltr'>κωμικὸς</span> <span class='ocrx_word' id='word_1_147' title='bbox 1715 1889 1869 1957; x_wconf 81' lang='grc' dir='ltr'>χορὸς</span> <span class='ocrx_word' id='word_1_148' title='bbox 1927 1886 2159 1955; x_wconf 77' lang='grc' dir='ltr'>τέτταρες</span> 
     </span>
     <span class='ocr_line' id='line_1_19' title="bbox 382 1961 2160 2047; baseline 0.001 -19"><span class='ocrx_word' id='word_1_149' title='bbox 382 1979 470 2028; x_wconf 78' lang='grc' dir='ltr'><strong>καὶ</strong></span> <span class='ocrx_word' id='word_1_150' title='bbox 522 1979 715 2030; x_wconf 78' lang='grc' dir='ltr'>εἴκοσιν</span> <span class='ocrx_word' id='word_1_151' title='bbox 769 1973 900 2045; x_wconf 83' lang='grc' dir='ltr'>ἦσαν</span> <span class='ocrx_word' id='word_1_152' title='bbox 956 1977 1002 2028; x_wconf 81' lang='grc' dir='ltr'><strong>οἱ</strong></span> <span class='ocrx_word' id='word_1_153' title='bbox 1055 1977 1313 2047; x_wconf 79' lang='grc' dir='ltr'>χορευταί,</span> <span class='ocrx_word' id='word_1_154' title='bbox 1363 1961 1495 2046; x_wconf 76' lang='grc' dir='ltr'>ζυγὰ</span> <span class='ocrx_word' id='word_1_155' title='bbox 1535 1976 1607 2044; x_wconf 81' lang='grc' dir='ltr'><strong>ἕξ,</strong></span> <span class='ocrx_word' id='word_1_156' title='bbox 1651 1978 1869 2030; x_wconf 83' lang='grc' dir='ltr'>ἕκαστον</span> <span class='ocrx_word' id='word_1_157' title='bbox 1909 1977 1965 2028; x_wconf 87' lang='grc' dir='ltr'><strong>δὲ</strong></span> <span class='ocrx_word' id='word_1_158' title='bbox 2005 1977 2160 2046; x_wconf 82' lang='grc' dir='ltr'>ζυγὸν</span> 
     </span>
     <span class='ocr_line' id='line_1_20' title="bbox 385 2066 2160 2136; baseline -0.001 -18"><span class='ocrx_word' id='word_1_159' title='bbox 385 2067 445 2118; x_wconf 87' lang='grc' dir='ltr'><strong>ἐκ</strong></span> <span class='ocrx_word' id='word_1_160' title='bbox 483 2066 755 2136; x_wconf 79' lang='grc' dir='ltr'>τεττάρων,</span> <span class='ocrx_word' id='word_1_161' title='bbox 813 2074 1011 2136; x_wconf 84' lang='grc' dir='ltr'>στοῖχοι</span> <span class='ocrx_word' id='word_1_162' title='bbox 1053 2067 1109 2118; x_wconf 85' lang='grc' dir='ltr'><strong>δὲ</strong></span> <span class='ocrx_word' id='word_1_163' title='bbox 1148 2066 1400 2136; x_wconf 79' lang='grc' dir='ltr'>τέτταρες,</span> <span class='ocrx_word' id='word_1_164' title='bbox 1443 2066 1497 2131; x_wconf 84' lang='grc' dir='ltr'><strong>ἓξ</strong></span> <span class='ocrx_word' id='word_1_165' title='bbox 1539 2067 1726 2135; x_wconf 81' lang='grc' dir='ltr'>ἄνδρας</span> <span class='ocrx_word' id='word_1_166' title='bbox 1766 2068 1904 2136; x_wconf 80' lang='grc' dir='ltr'>ἔχων</span> <span class='ocrx_word' id='word_1_167' title='bbox 1944 2067 2160 2126; x_wconf 86' lang='grc' dir='ltr'>ἕκαστος</span> 
     </span>
     <span class='ocr_line' id='line_1_21' title="bbox 385 2142 2160 2230; baseline -0.002 -22"><span class='ocrx_word' id='word_1_168' title='bbox 385 2164 609 2226; x_wconf 89' lang='grc' dir='ltr'>στοῖχος.</span> <span class='ocrx_word' id='word_1_169' title='bbox 696 2151 919 2206; x_wconf 91' lang='lat' dir='ltr'><strong>Photius</strong></span> <span class='ocrx_word' id='word_1_170' title='bbox 975 2158 1151 2206; x_wconf 87' lang='lat' dir='ltr'><strong>autem</strong></span> <span class='ocrx_word' id='word_1_171' title='bbox 1203 2170 1392 2207; x_wconf 88' lang='lat' dir='ltr'><strong>vocem</strong></span> <span class='ocrx_word' id='word_1_172' title='bbox 1445 2156 1600 2223; x_wconf 78' lang='grc' dir='ltr'>ζυγὸν</span> <span class='ocrx_word' id='word_1_173' title='bbox 1642 2153 1717 2206; x_wconf 88' lang='grc'><strong>810</strong></span> <span class='ocrx_word' id='word_1_174' title='bbox 1756 2142 2160 2230; x_wconf 74' lang='lat' dir='ltr'><strong>interpretatur:</strong></span> 
     </span>
     <span class='ocr_line' id='line_1_22' title="bbox 386 2245 2161 2316; baseline -0.001 -18"><span class='ocrx_word' id='word_1_175' title='bbox 386 2247 439 2298; x_wconf 83' lang='grc' dir='ltr'><strong>ἐν</strong></span> <span class='ocrx_word' id='word_1_176' title='bbox 493 2247 583 2316; x_wconf 87' lang='grc' dir='ltr'><strong>μὲν</strong></span> <span class='ocrx_word' id='word_1_177' title='bbox 633 2253 738 2308; x_wconf 84' lang='grc' dir='ltr'>τοῖς</span> <span class='ocrx_word' id='word_1_178' title='bbox 788 2253 1049 2315; x_wconf 78' lang='grc' dir='ltr'>τραγικοῖς</span> <span class='ocrx_word' id='word_1_179' title='bbox 1100 2254 1275 2316; x_wconf 88' lang='grc' dir='ltr'>χοροῖς</span> <span class='ocrx_word' id='word_1_180' title='bbox 1314 2248 1372 2298; x_wconf 78' lang='grc' dir='ltr'><strong>τὸ</strong></span> <span class='ocrx_word' id='word_1_181' title='bbox 1413 2246 1473 2298; x_wconf 83' lang='grc' dir='ltr'><strong>ἐκ</strong></span> <span class='ocrx_word' id='word_1_182' title='bbox 1512 2252 1613 2298; x_wconf 87' lang='grc' dir='ltr'><strong>τῶν</strong></span> <span class='ocrx_word' id='word_1_183' title='bbox 1652 2254 1826 2314; x_wconf 83' lang='grc' dir='ltr'>τριῶν·</span> <span class='ocrx_word' id='word_1_184' title='bbox 1870 2245 1923 2298; x_wconf 85' lang='grc' dir='ltr'><strong>ἐν</strong></span> <span class='ocrx_word' id='word_1_185' title='bbox 1963 2245 2020 2297; x_wconf 87' lang='grc' dir='ltr'><strong>δὲ</strong></span> <span class='ocrx_word' id='word_1_186' title='bbox 2058 2252 2161 2306; x_wconf 89' lang='grc' dir='ltr'>τοῖς</span> 
     </span>
     <span class='ocr_line' id='line_1_23' title="bbox 386 2331 2163 2405; baseline -0.002 -19"><span class='ocrx_word' id='word_1_187' title='bbox 386 2343 634 2405; x_wconf 78' lang='grc' dir='ltr'>κωμικοῖς</span> <span class='ocrx_word' id='word_1_188' title='bbox 687 2338 746 2387; x_wconf 80' lang='grc' dir='ltr'><strong>το</strong></span> <span class='ocrx_word' id='word_1_189' title='bbox 805 2335 865 2387; x_wconf 81' lang='grc' dir='ltr'><strong>ἐκ</strong></span> <span class='ocrx_word' id='word_1_190' title='bbox 922 2343 1024 2388; x_wconf 85' lang='grc' dir='ltr'><strong>τῶν</strong></span> <span class='ocrx_word' id='word_1_191' title='bbox 1081 2335 1351 2405; x_wconf 82' lang='grc' dir='ltr'>τεττάρων.</span> <span class='ocrx_word' id='word_1_192' title='bbox 1445 2332 1528 2384; x_wconf 90' lang='lat' dir='ltr'><strong>Ex</strong></span> <span class='ocrx_word' id='word_1_193' title='bbox 1580 2331 1770 2398; x_wconf 89' lang='lat' dir='ltr'><strong>quibus</strong></span> <span class='ocrx_word' id='word_1_194' title='bbox 1824 2332 2163 2401; x_wconf 91' lang='lat' dir='ltr'><strong>perspicuum</strong></span> 
     </span>
     <span class='ocr_line' id='line_1_24' title="bbox 388 2421 2164 2490; baseline 0.001 -16"><span class='ocrx_word' id='word_1_195' title='bbox 388 2426 469 2474; x_wconf 85' lang='lat' dir='ltr'><strong>est</strong></span> <span class='ocrx_word' id='word_1_196' title='bbox 521 2422 575 2473; x_wconf 92' lang='lat' dir='ltr'><strong>in</strong></span> <span class='ocrx_word' id='word_1_197' title='bbox 633 2421 792 2474; x_wconf 87' lang='lat' dir='ltr'><strong>rebus</strong></span> <span class='ocrx_word' id='word_1_198' title='bbox 845 2422 1106 2475; x_wconf 87' lang='lat' dir='ltr'><strong>scaenicis</strong></span> <span class='ocrx_word' id='word_1_199' title='bbox 1161 2422 1544 2490; x_wconf 88' lang='lat' dir='ltr'><strong>posterioribus</strong></span> <span class='ocrx_word' id='word_1_200' title='bbox 1597 2421 1786 2474; x_wconf 89' lang='lat' dir='ltr'><strong>saltem</strong></span> <span class='ocrx_word' id='word_1_201' title='bbox 1837 2421 2164 2490; x_wconf 84' lang='lat' dir='ltr'><strong>temporibus</strong></span> 
     </span>
     <span class='ocr_line' id='line_1_25' title="bbox 388 2510 2163 2585; baseline -0.001 -21"><span class='ocrx_word' id='word_1_202' title='bbox 388 2510 602 2564; x_wconf 90' lang='lat' dir='ltr'><strong>ordines</strong></span> <span class='ocrx_word' id='word_1_203' title='bbox 651 2511 875 2564; x_wconf 91' lang='lat' dir='ltr'><strong>vocibus</strong></span> <span class='ocrx_word' id='word_1_204' title='bbox 926 2514 1110 2585; x_wconf 80' lang='grc' dir='ltr'>ζυγόν</span> <span class='ocrx_word' id='word_1_205' title='bbox 1142 2517 1193 2564; x_wconf 87' lang='grc'><strong>01</strong></span> <span class='ocrx_word' id='word_1_206' title='bbox 1240 2521 1445 2584; x_wconf 89' lang='grc' dir='ltr'>στοῖχος</span> <span class='ocrx_word' id='word_1_207' title='bbox 1505 2510 1816 2579; x_wconf 87' lang='lat' dir='ltr'><strong>designatos</strong></span> <span class='ocrx_word' id='word_1_208' title='bbox 1867 2527 1988 2564; x_wconf 91' lang='lat' dir='ltr'><strong>esse</strong></span> <span class='ocrx_word' id='word_1_209' title='bbox 2039 2527 2163 2575; x_wconf 89' lang='grc'>11011,</span> 
     </span>
     <span class='ocr_line' id='line_1_26' title="bbox 388 2599 2166 2670; baseline -0.001 -16"><span class='ocrx_word' id='word_1_210' title='bbox 388 2606 444 2654; x_wconf 87' lang='grc'><strong>111</strong></span> <span class='ocrx_word' id='word_1_211' title='bbox 506 2601 560 2653; x_wconf 85' lang='grc'><strong>111</strong></span> <span class='ocrx_word' id='word_1_212' title='bbox 626 2601 876 2670; x_wconf 75' lang='lat' dir='ltr'><strong>exerc-im,</strong></span> <span class='ocrx_word' id='word_1_213' title='bbox 943 2600 1236 2654; x_wconf 90' lang='lat' dir='ltr'><strong>secundum</strong></span> <span class='ocrx_word' id='word_1_214' title='bbox 1302 2600 1656 2654; x_wconf 89' lang='lat' dir='ltr'><strong>constituendi</strong></span> <span class='ocrx_word' id='word_1_215' title='bbox 1718 2600 1992 2668; x_wconf 90' lang='lat' dir='ltr'><strong>rationem,</strong></span> <span class='ocrx_word' id='word_1_216' title='bbox 2068 2599 2166 2652; x_wconf 90' lang='lat' dir='ltr'><strong>sed</strong></span> 
     </span>
     <span class='ocr_line' id='line_1_27' title="bbox 390 2687 2165 2759; baseline -0.003 -14"><span class='ocrx_word' id='word_1_217' title='bbox 390 2691 683 2745; x_wconf 89' lang='lat' dir='ltr'><strong>secundum</strong></span> <span class='ocrx_word' id='word_1_218' title='bbox 738 2696 935 2743; x_wconf 90' lang='lat' dir='ltr'><strong>certum</strong></span> <span class='ocrx_word' id='word_1_219' title='bbox 995 2707 1268 2743; x_wconf 91' lang='lat' dir='ltr'><strong>numerum</strong></span> <span class='ocrx_word' id='word_1_220' title='bbox 1323 2690 1648 2759; x_wconf 82' lang='lat' dir='ltr'><strong>saltatorum,</strong></span> <span class='ocrx_word' id='word_1_221' title='bbox 1711 2695 1762 2741; x_wconf 92' lang='lat' dir='ltr'><strong>et</strong></span> <span class='ocrx_word' id='word_1_222' title='bbox 1801 2688 1901 2742; x_wconf 84' lang='lat' dir='ltr'><strong>hos</strong></span> <span class='ocrx_word' id='word_1_223' title='bbox 1951 2687 2165 2741; x_wconf 90' lang='lat' dir='ltr'><strong>ordines</strong></span> 
     </span>
     <span class='ocr_line' id='line_1_28' title="bbox 389 2779 2165 2851; baseline -0.001 -18"><span class='ocrx_word' id='word_1_224' title='bbox 389 2799 485 2850; x_wconf 87' lang='lat' dir='ltr'><strong>pro</strong></span> <span class='ocrx_word' id='word_1_225' title='bbox 526 2780 767 2849; x_wconf 90' lang='lat' dir='ltr'><strong>partibus</strong></span> <span class='ocrx_word' id='word_1_226' title='bbox 809 2780 961 2846; x_wconf 90' lang='lat' dir='ltr'><strong>quasi</strong></span> <span class='ocrx_word' id='word_1_227' title='bbox 1015 2779 1159 2833; x_wconf 90' lang='lat' dir='ltr'><strong>chori</strong></span> <span class='ocrx_word' id='word_1_228' title='bbox 1214 2779 1427 2832; x_wconf 88' lang='lat' dir='ltr'><strong>habitos</strong></span> <span class='ocrx_word' id='word_1_229' title='bbox 1483 2795 1631 2834; x_wconf 88' lang='lat' dir='ltr'><strong>esse:</strong></span> <span class='ocrx_word' id='word_1_230' title='bbox 1690 2781 1815 2851; x_wconf 87' lang='grc' dir='ltr'>μέρη</span> <span class='ocrx_word' id='word_1_231' title='bbox 1863 2790 1954 2833; x_wconf 85' lang='grc' dir='ltr'><strong>τοῦ</strong></span> <span class='ocrx_word' id='word_1_232' title='bbox 2006 2790 2165 2851; x_wconf 84' lang='grc' dir='ltr'>χοροῦ</span> 
     </span>
     <span class='ocr_line' id='line_1_29' title="bbox 389 2866 2164 2937; baseline -0.002 -14"><span class='ocrx_word' id='word_1_233' title='bbox 389 2870 583 2924; x_wconf 83' lang='lat' dir='ltr'><strong>Pollux</strong></span> <span class='ocrx_word' id='word_1_234' title='bbox 623 2886 717 2923; x_wconf 90' lang='lat' dir='ltr'><strong>eos</strong></span> <span class='ocrx_word' id='word_1_235' title='bbox 758 2869 900 2922; x_wconf 90' lang='lat' dir='ltr'><strong>dicit.</strong></span> <span class='ocrx_word' id='word_1_236' title='bbox 987 2870 1103 2922; x_wconf 91' lang='lat' dir='ltr'><strong>Hoc</strong></span> <span class='ocrx_word' id='word_1_237' title='bbox 1149 2869 1272 2922; x_wconf 89' lang='lat' dir='ltr'><strong>ideo</strong></span> <span class='ocrx_word' id='word_1_238' title='bbox 1324 2868 1442 2922; x_wconf 91' lang='lat' dir='ltr'><strong>fieri</strong></span> <span class='ocrx_word' id='word_1_239' title='bbox 1480 2868 1667 2937; x_wconf 92' lang='lat' dir='ltr'><strong>potuit,</strong></span> <span class='ocrx_word' id='word_1_240' title='bbox 1710 2867 1852 2935; x_wconf 90' lang='lat' dir='ltr'><strong>quod</strong></span> <span class='ocrx_word' id='word_1_241' title='bbox 1893 2873 1946 2920; x_wconf 89' lang='lat' dir='ltr'><strong>et</strong></span> <span class='ocrx_word' id='word_1_242' title='bbox 2005 2866 2164 2919; x_wconf 86' lang='lat' dir='ltr'><strong>iidem</strong></span> 
     </span>
     <span class='ocr_line' id='line_1_30' title="bbox 393 2958 2166 3029; baseline -0.003 -15"><span class='ocrx_word' id='word_1_243' title='bbox 393 2977 605 3029; x_wconf 90' lang='lat' dir='ltr'><strong>semper</strong></span> <span class='ocrx_word' id='word_1_244' title='bbox 683 2959 969 3013; x_wconf 88' lang='lat' dir='ltr'><strong>saltatores</strong></span> <span class='ocrx_word' id='word_1_245' title='bbox 1052 2960 1295 3027; x_wconf 89' lang='lat' dir='ltr'><strong>quamvis</strong></span> <span class='ocrx_word' id='word_1_246' title='bbox 1373 2964 1576 3011; x_wconf 89' lang='lat' dir='ltr'><strong>mutata</strong></span> <span class='ocrx_word' id='word_1_247' title='bbox 1646 2958 1912 3026; x_wconf 89' lang='lat' dir='ltr'><strong>positione</strong></span> <span class='ocrx_word' id='word_1_248' title='bbox 1987 2963 2166 3010; x_wconf 88' lang='lat' dir='ltr'><strong>tamen</strong></span> 
     </span>
     <span class='ocr_line' id='line_1_31' title="bbox 394 3045 2164 3118; baseline -0.003 -16"><span class='ocrx_word' id='word_1_249' title='bbox 394 3049 583 3103; x_wconf 87' lang='lat' dir='ltr'><strong>eadem</strong></span> <span class='ocrx_word' id='word_1_250' title='bbox 612 3049 754 3102; x_wconf 90' lang='lat' dir='ltr'><strong>chori</strong></span> <span class='ocrx_word' id='word_1_251' title='bbox 782 3065 995 3118; x_wconf 88' lang='lat' dir='ltr'><strong>semper</strong></span> <span class='ocrx_word' id='word_1_252' title='bbox 1022 3049 1418 3102; x_wconf 88' lang='lat' dir='ltr'><strong>constituebant</strong></span> <span class='ocrx_word' id='word_1_253' title='bbox 1445 3049 1571 3116; x_wconf 86' lang='lat' dir='ltr'><strong>iuga</strong></span> <span class='ocrx_word' id='word_1_254' title='bbox 1611 3050 1664 3114; x_wconf 90' lang='lat' dir='ltr'><strong>(a</strong></span> <span class='ocrx_word' id='word_1_255' title='bbox 1683 3046 1775 3114; x_wconf 91' lang='lat' dir='ltr'><strong>kl,</strong></span> <span class='ocrx_word' id='word_1_256' title='bbox 1813 3064 1863 3098; x_wconf 92' lang='lat' dir='ltr'><strong>m</strong></span> <span class='ocrx_word' id='word_1_257' title='bbox 1885 3046 1969 3115; x_wconf 92' lang='lat' dir='ltr'><strong>ib,</strong></span> <span class='ocrx_word' id='word_1_258' title='bbox 2013 3063 2040 3098; x_wconf 90' lang='lat' dir='ltr'><strong>c</strong></span> <span class='ocrx_word' id='word_1_259' title='bbox 2061 3045 2094 3098; x_wconf 91' lang='lat' dir='ltr'><strong>h</strong></span> <span class='ocrx_word' id='word_1_260' title='bbox 2114 3064 2164 3114; x_wconf 91' lang='lat' dir='ltr'><strong>n,</strong></span> 
     </span>
     <span class='ocr_line' id='line_1_32' title="bbox 394 3134 2168 3208; baseline -0.002 -17"><span class='ocrx_word' id='word_1_261' title='bbox 394 3156 424 3192; x_wconf 93' lang='lat' dir='ltr'><strong>o</strong></span> <span class='ocrx_word' id='word_1_262' title='bbox 459 3139 588 3208; x_wconf 82' lang='lat' dir='ltr'><strong>gd,</strong></span> <span class='ocrx_word' id='word_1_263' title='bbox 660 3138 787 3207; x_wconf 87' lang='lat' dir='ltr'><strong>esp</strong></span> <span class='ocrx_word' id='word_1_264' title='bbox 847 3138 939 3207; x_wconf 78' lang='lat' dir='ltr'><strong>fig.</strong></span> <span class='ocrx_word' id='word_1_265' title='bbox 994 3139 1026 3190; x_wconf 81' lang='lat' dir='ltr'>ss</span> <span class='ocrx_word' id='word_1_266' title='bbox 1087 3144 1138 3191; x_wconf 90' lang='lat' dir='ltr'><strong>et</strong></span> <span class='ocrx_word' id='word_1_267' title='bbox 1195 3140 1246 3206; x_wconf 77' lang='lat'><strong>7)</strong></span> <span class='ocrx_word' id='word_1_268' title='bbox 1321 3137 1647 3203; x_wconf 89' lang='lat' dir='ltr'><strong>eosdemque</strong></span> <span class='ocrx_word' id='word_1_269' title='bbox 1724 3134 1938 3189; x_wconf 90' lang='lat' dir='ltr'><strong>ordines</strong></span> <span class='ocrx_word' id='word_1_270' title='bbox 2003 3135 2168 3205; x_wconf 85' lang='lat' dir='ltr'><strong>(abc</strong></span> 
     </span>
     <span class='ocr_line' id='line_1_33' title="bbox 395 3225 2167 3297; baseline -0.002 -17"><span class='ocrx_word' id='word_1_271' title='bbox 395 3228 430 3280; x_wconf 94' lang='lat' dir='ltr'><strong>d</strong></span> <span class='ocrx_word' id='word_1_272' title='bbox 459 3245 503 3297; x_wconf 91' lang='lat' dir='ltr'><strong>e,</strong></span> <span class='ocrx_word' id='word_1_273' title='bbox 565 3228 809 3296; x_wconf 83' lang='lat' dir='ltr'><strong>fghik,</strong></span> <span class='ocrx_word' id='word_1_274' title='bbox 870 3229 1132 3296; x_wconf 91' lang='lat' dir='ltr'><strong>lmnop,</strong></span> <span class='ocrx_word' id='word_1_275' title='bbox 1182 3227 1273 3295; x_wconf 83' lang='lat' dir='ltr'><strong>fig.</strong></span> <span class='ocrx_word' id='word_1_276' title='bbox 1319 3229 1351 3279; x_wconf 76' lang='lat' dir='ltr'>G</span> <span class='ocrx_word' id='word_1_277' title='bbox 1381 3232 1432 3279; x_wconf 93' lang='lat' dir='ltr'><strong>et</strong></span> <span class='ocrx_word' id='word_1_278' title='bbox 1473 3227 1542 3295; x_wconf 77' lang='lat'><strong>7),</strong></span> <span class='ocrx_word' id='word_1_279' title='bbox 1600 3231 1746 3278; x_wconf 87' lang='grc'>01111</span> <span class='ocrx_word' id='word_1_280' title='bbox 1786 3225 2167 3295; x_wconf 60' lang='grc' dir='ltr'>8111ς11111ζυγά</span> 
     </span>
     <span class='ocr_line' id='line_1_34' title="bbox 395 3313 2168 3390; baseline -0.003 -20"><span class='ocrx_word' id='word_1_281' title='bbox 395 3317 646 3370; x_wconf 89' lang='lat' dir='ltr'><strong>scaenica</strong></span> <span class='ocrx_word' id='word_1_282' title='bbox 683 3317 757 3369; x_wconf 88' lang='lat' dir='ltr'><strong>ita</strong></span> <span class='ocrx_word' id='word_1_283' title='bbox 797 3328 991 3390; x_wconf 88' lang='grc' dir='ltr'>στοῖχοι</span> <span class='ocrx_word' id='word_1_284' title='bbox 1034 3316 1262 3369; x_wconf 88' lang='lat' dir='ltr'><strong>eundem</strong></span> <span class='ocrx_word' id='word_1_285' title='bbox 1303 3332 1514 3384; x_wconf 89' lang='lat' dir='ltr'><strong>semper</strong></span> <span class='ocrx_word' id='word_1_286' title='bbox 1554 3314 1897 3367; x_wconf 87' lang='lat' dir='ltr'><strong>continebant</strong></span> <span class='ocrx_word' id='word_1_287' title='bbox 1951 3313 2168 3366; x_wconf 85' lang='lat' dir='ltr'><strong>choreu-</strong></span> 
     </span>
     <span class='ocr_line' id='line_1_35' title="bbox 393 3402 2168 3474; baseline -0.003 -15"><span class='ocrx_word' id='word_1_288' title='bbox 393 3412 565 3459; x_wconf 85' lang='lat' dir='ltr'><strong>tarum</strong></span> <span class='ocrx_word' id='word_1_289' title='bbox 616 3422 906 3459; x_wconf 92' lang='lat' dir='ltr'><strong>numerum.</strong></span> <span class='ocrx_word' id='word_1_290' title='bbox 999 3406 1055 3459; x_wconf 82' lang='lat' dir='ltr'><strong>Si</strong></span> <span class='ocrx_word' id='word_1_291' title='bbox 1106 3405 1263 3474; x_wconf 87' lang='lat' dir='ltr'><strong>igitur</strong></span> <span class='ocrx_word' id='word_1_292' title='bbox 1313 3405 1506 3458; x_wconf 87' lang='lat' dir='ltr'><strong>Pollux</strong></span> <span class='ocrx_word' id='word_1_293' title='bbox 1562 3404 1718 3458; x_wconf 89' lang='lat' dir='ltr'><strong>docet</strong></span> <span class='ocrx_word' id='word_1_294' title='bbox 1769 3402 1914 3456; x_wconf 86' lang='lat' dir='ltr'><strong>chori</strong></span> <span class='ocrx_word' id='word_1_295' title='bbox 1951 3403 2168 3455; x_wconf 90' lang='lat' dir='ltr'><strong>instruc-</strong></span> 
     </span>
    </p>
   </div>
  </div>
 </body>
</html>
