2274 4036
786 301 889 340 ’-
934 303 1003 358 71
1046 335 1113 340 ---

262 477 486 530 Accedit
526 479 669 545 quod
708 497 829 532 mea
860 479 1099 549 'quidem‘
1123 480 1387 532 sententia
1413 480 1578 533 verba
1617 485 1860 554 διατὸρως

87 568 330 637 ἐρείδεται
387 566 682 620 offensione
741 569 955 621 minime
1008 575 1204 621 carent.
1301 570 1435 623 Nam
1492 573 1722 643 διάτορος
1782 577 1863 624 θεῖ

86 658 374 723 penetrans
415 655 529 708 sive
569 657 782 724 proprio
823 673 985 709 sensu
1026 657 1173 709 velut
1212 657 1404 733 Aesch.
1446 659 1619 711 Prom.
1666 660 1761 711 76:

307 747 602 816 ἐρρωμένως
643 756 729 801 νῦν
768 750 910 801 θεῖνε
951 744 1214 816 διατὸρους
1254 749 1429 811 πέδας·

84 832 198 884 sive
237 832 494 886 translate
535 839 862 902 usurpatum,
903 833 1096 886 Aesch.
1138 836 1312 887 Prom.
1358 835 1491 890 181:

306 926 431 996 ἐμὰς
472 926 528 977 δὲ
570 926 753 994 φρένας
795 925 998 994 ἐρέθισε
1040 926 1272 996 διάτορος
1314 927 1487 997 ιρὸβος.

83 1012 305 1066 Passive
347 1011 642 1080 Oedipodis
682 1011 900 1064 infantis
940 1011 1109 1079 pedes
1150 1011 1274 1064 fune
1324 1014 1595 1066 transiecti
1636 1018 1858 1086 διάτοροι

83 1101 326 1156 dicuntur
375 1100 510 1160 Oed,
567 1101 689 1169 Tyr.
746 1101 904 1155 1034.
985 1101 1216 1171 Sonitus,
1279 1102 1365 1169 qui
1417 1102 1756 1156 vehementia
1810 1110 1862 1156 et

83 1183 325 1243 acumine
366 1206 461 1242 suo
504 1207 660 1242 aures
700 1196 961 1259 penetrat,
1004 1195 1235 1263 διάτορος
1277 1197 1380 1244 est:
1423 1193 1540 1245 Ael.
1583 1210 1691 1246 var.
1737 1193 1856 1249 hist.

82 1279 134 1330 II
174 1279 246 1330 44
303 1282 456 1351 μέλος
512 1282 746 1350 διάτορόν
796 1301 849 1334 τε
906 1285 992 1335 καί
1033 1286 1258 1354 γεγωνὸς
1300 1287 1373 1336 ὅτι
1418 1284 1657 1354 μάλιστα,
1718 1283 1855 1335 Plut.

82 1369 216 1422 Mor,
250 1386 302 1436 p.
332 1369 439 1421 303
481 1369 541 1420 E.
574 1371 946 1442 φθεγγομένων
976 1373 1107 1441 μέγα
1133 1392 1178 1425 τι
1207 1376 1293 1425 καὶ
1323 1374 1575 1443 διάτορον,
1620 1372 1856 1441 [Lucian]

82 1456 371 1525 Philopatr.
426 1458 500 1510 VI
540 1475 590 1526 p.
634 1456 737 1511 591
800 1457 844 1508 R
908 1461 1142 1530 διάτορόν
1197 1480 1241 1513 τι
1298 1465 1385 1514 καὶ
1438 1463 1858 1533 καταπληκτικὸν

83 1549 204 1619 βοᾷς
243 1547 367 1599 item
409 1547 554 1615 tuba,
599 1563 734 1614 quae
777 1545 955 1614 efficit,
998 1555 1052 1599 ut
1091 1565 1212 1616 vox,
1256 1565 1414 1615 quam
1458 1549 1661 1618 emittit,
1705 1567 1859 1604 aures

81 1641 339 1705 penetret,
381 1635 574 1689 Aesch.
618 1637 767 1688 Eum.
811 1636 946 1690 567:

301 1729 332 1795 ἦ
372 1723 416 1779 τ’
456 1725 544 1780 οὖν
585 1728 816 1796 διάτορος
858 1727 1149 1797 Τυρσηνικὴ
1202 1727 1214 1733 ’

303 1816 525 1886 σάλπιγξ
568 1817 796 1886 βροτείου
834 1818 1119 1886 πνεύματος
1159 1818 1503 1888 πληρουμένη.

82 1903 153 1956 Ut
203 1919 288 1955 ex·
326 1901 409 1955 his
463 1903 723 1971 exemplis
776 1903 1113 1971 perspicuum
1171 1909 1265 1972 est,
1324 1921 1436 1957 rem
1478 1905 1746 1972 quandam
1787 1906 1855 1958 ad

15 2025 19 2028 -
81 1991 487 2060 designandam,
530 2009 666 2059 quae
707 1993 920 2061 proprio
962 2009 1123 2045 sensu
1164 1999 1255 2045 aut
1294 2001 1580 2062 penetrans
1633 2001 1713 2047 θεῖ
1768 2002 1857 2048 aut

80 2081 365 2150 perforata,
427 2081 746 2133 adiectivum
802 2087 1099 2150 usurpatur,
1141 2099 1247 2134 non
1305 2081 1633 2151 adverbium,
1681 2100 1855 2151 neque

3 2198 6 2200 v
78 2176 243 2239 patet,
274 2187 377 2237 quo
417 2171 528 2223 iure
568 2171 786 2238 propria
824 2171 1099 2239 proposita
1127 2171 1515 2238 significatione
1542 2172 1691 2241 lyrae
1732 2173 1857 2240 iuga

81 2267 132 2312 et
171 2259 421 2312 bracchia
461 2277 528 2312 ex
569 2260 806 2328 calamiS,
850 2266 905 2312 ut
943 2261 1071 2313 viris
1113 2260 1284 2313 doctis
1326 2260 1543 2330 placuit,
1585 2261 1729 2314 facta
1769 2269 1857 2315 aut

78 2350 414 2418 penetrantia
454 2349 732 2418 appellata
772 2349 876 2402 sint
904 2355 993 2401 aut
1032 2349 1318 2419 per·,f01ata
1349 2351 1393 2402 si
1434 2350 1570 2403 forte
1611 2351 1854 2419 spondae

78 2438 225 2507 ligna
263 2455 358 2507 per
395 2437 565 2507 pedes
606 2437 836 2504 quodam
877 2437 1037 2490 modo
1077 2445 1355 2507 penetrale
1397 2447 1601 2492 censes.
1877 2433 1888 2445 ’

257 2527 512 2596 Schenkl,
553 2528 607 2579 ni
663 2527 834 2595 fallor,
878 2527 1186 2580 adverbium
1229 2532 1491 2600 διατορως,
1534 2529 1676 2596 quod
1729 2530 1853 2582 alibi

81 2622 291 2669 exstare
320 2617 476 2669 certis
514 2616 829 2669 testimoniis
857 2617 1079 2685 prolatis
1109 2618 1454 2686 comprobare
1483 2635 1589 2670 non
1619 2635 1853 2686 possum,

78 2705 335 2758 translate
376 2705 573 2758 dictum
616 2722 736 2758 esse
778 2711 962 2758 censet
1003 2705 1193 2758 codem
1234 2706 1345 2758 fere
1386 2723 1547 2759 sensu
1590 2724 1692 2773 quo
1734 2709 1854 2759 sim-

80 2794 206 2862 plex
233 2795 522 2866 ’τορῶς191),
567 2795 709 2862 quod
746 2811 1143 2862 nonnumquam
1173 2795 1441 2848 adverbiis
1484 2796 1710 2864 agiliter,
1740 2813 1853 2864 per-

79 2883 265 2935 niciter
304 2884 513 2936 collatis
543 2885 854 2954 explicatur.
916 2884 1023 2937 Sed
1067 2885 1304 2951 quolibet
1342 2890 1646 2954 usurpatum
1692 2902 1852 2938 sensu

81 2971 386 3024 adverbium
428 2983 587 3045 τορῶς
627 2971 941 3040 penetrandi
971 2974 1238 3025 notionem
1268 2974 1481 3026 minime
1510 2975 1668 3042 exuit,
1711 2974 1853 3041 quod

79 3062 347 3114 nonnullis
374 3062 663 3130 propositis
705 3062 982 3130 exempliS,
1014 3079 1151 3129 quae
1192 3063 1350 3115 facile
1393 3064 1574 3130 augeri
1613 3071 1852 3133 possunt,

81 3149 427 3219 comprobare
467 3151 594 3203 mihi
633 3151 807 3204 liceat.

256 3295 331 3351 12¹)
366 3298 417 3340 In
449 3297 790 3355 Etymologico
826 3299 994 3353 Magno
1027 3312 1074 3353 p.
1108 3298 1207 3354 271,
1246 3300 1302 3342 41
1338 3299 1616 3343 adnotatum
1651 3303 1724 3343 est
1757 3304 1851 3343 διά-

79 3384 230 3423 τορον;
275 3374 487 3426 ἐπίρρημά
510 3375 635 3414 ἐστιν.
657 3372 866 3428 Simplex
888 3375 1014 3425 τορον
1038 3371 1261 3415 adverbii
1283 3373 1390 3417 vice
1416 3372 1626 3429 fungitur
1648 3373 1850 3418 Philost.

82 3441 224 3498 Soph.
257 3443 278 3486 I
310 3445 380 3499 25,
403 3447 460 3490 10
492 3447 618 3497 τορὸν
650 3448 829 3500 ᾐχοῦσα.
866 3446 936 3488 De
963 3444 1194 3488 adverbio
1219 3453 1352 3499 τορῶς
1375 3445 1487 3489 vide
1512 3459 1617 3501 app.
1642 3446 1662 3489 I
1685 3443 1798 3502 p.04
1827 3476 1836 3490 .
