2274 4036
1053 335 1349 390 *92—

310 511 620 564 Mercurium
673 512 878 565 induxit
916 513 1183 581 Apollinis
1234 515 1352 566 irati
1398 515 1594 567 umeris
1647 531 1823 568 arcum
1867 521 1917 568 et
1955 515 2082 584 pha-

308 607 500 654 retram
557 607 911 671 amoventem,
968 603 1079 656 veri
1130 604 1293 656 multo
1344 609 1425 656 est
1478 604 1701 656 similius
1751 604 1898 657 illum
1951 605 2084 657 talia

309 691 528 743 finxisse
569 690 751 760 hymni
790 697 953 760 poeta
1006 698 1218 746 auctore
1259 698 1419 760 atque
1459 692 1605 746 hisce
1645 693 1787 746 illius
1843 694 2083 747 versibus

309 798 461 834 usum
502 781 611 836 514
651 797 791 849 sqq.:

533 888 704 940 Δείδια
743 886 974 950 Μαιάδος
1017 889 1092 941 υἱὲ
1133 890 1370 957 διάκτορε
1411 885 1841 959 marmanum)

532 977 601 1046 μή
643 995 726 1047 μοι
767 973 1065 1046 ἀνακλὲψῃς
1106 978 1312 1047 κίθαριν
1352 978 1438 1029 καὶ
1479 978 1728 1048 καμπύλα
1768 978 1907 1043 τόξα.

307 1079 442 1133 Nam
498 1089 693 1147 poetae
735 1078 870 1146 epici
912 1079 1139 1145 vestigia
1192 1078 1340 1131 illum
1387 1079 1649 1147 pressisse
1705 1079 2083 1148 comprobasse

309 1168 434 1220 mihi
464 1167 678 1235 videor,
720 1167 938 1220 fabulae
967 1167 1061 1237 illi,
1107 1185 1265 1236 quam
1308 1185 1374 1221 ex
1414 1167 1629 1238 hymn0,
1671 1187 1765 1238 pro
1802 1169 2081 1223 Homerico

309 1258 424 1311 sine
466 1256 627 1310 (lubio
668 1259 966 1325 aestimato,
1010 1258 1276 1325 cognitam
1318 1257 1569 1327 habebat,
1610 1258 1864 1327 habitum,
1917 1264 1971 1311 ut
2010 1259 2084 1311 ita

309 1347 500 1414 dicam,
552 1344 724 1398 induit
763 1345 1067 1399 scaenicum
1109 1346 1331 1416 Cyllene
1371 1347 1590 1415 nutrice,
1633 1347 1832 1416 Silen0,
1893 1349 2085 1416 satyris

308 1435 553 1505 inductis,
597 1436 717 1489 aliis
758 1435 970 1503 additis,
1015 1436 1133 1488 aliis
1172 1437 1501 1505 permutatis,
1545 1437 1642 1489 sed
1669 1437 1766 1489 sub
1794 1437 1894 1489 hoc
1928 1437 2084 1490 vesti-

309 1532 486 1578 mento
547 1526 844 1578 accuratius
902 1527 1169 1579 intuentes
1223 1526 1453 1594 priscam
1513 1526 1734 1580 formam
1791 1543 2085 1595 agnoscere

307 1622 547 1683 possunt.

486 2971 559 3027 154)
594 2972 829 3028 Terzaghi
863 2971 1198 3016 Introduzione
1231 2986 1277 3028 p.
1299 2972 1356 3015 42
1390 2971 1513 3015 alios
1538 2970 1669 3014 viros
1694 2969 1866 3014 doctos
1889 2974 2081 3014 secutus

310 3046 484 3090 exitum
518 3046 678 3103 hymni
712 3046 820 3090 inde
845 3060 871 3089 a
904 3060 1048 3090 versu
1079 3046 1165 3090 512
1198 3045 1535 3101 interpolatori
1567 3044 1787 3088 attribuit
1819 3058 1876 3087 ex
1898 3042 2080 3088 Alcaeo

307 3121 547 3179 pendenti,
582 3135 720 3177 quam
755 3121 1083 3177 quaestionem
1117 3119 1403 3175 intricatam,
1435 3123 1604 3174 utpote
1630 3131 1656 3161 a
1688 3131 1794 3162 meo
1827 3116 2080 3173 proposito

309 3195 509 3238 alienam
544 3195 636 3239 hoc
679 3195 790 3238 loco
841 3194 1041 3249 aggredi
1076 3194 1120 3236 in
1170 3193 1325 3237 animo
1374 3207 1467 3237 non
1516 3192 1692 3244 habeo3
1743 3191 1862 3234 satis
1897 3194 1971 3234 est
2003 3190 2081 3234 ad-

307 3271 475 3312 notare
500 3282 673 3312 novam
698 3267 1043 3324 interpretandi
1068 3268 1195 3311 viam
1218 3281 1366 3323 nuper
1388 3266 1630 3310 indicasse
1653 3265 1913 3321 Kuiperum
1937 3265 1967 3308 1.
1987 3278 2025 3307 s.
2042 3280 2079 3307 s.

307 3356 352 3397 p.
384 3342 440 3387 47
475 3356 577 3398 sqq.
643 3343 713 3385 De
747 3342 949 3397 ratione,
996 3355 1115 3397 quae
1166 3341 1288 3384 inter
1333 3340 1493 3398 hymni
1542 3344 1734 3396 poetam
1769 3342 1817 3382 et
1850 3339 2079 3383 Alcaeum

312 3415 650 3471 intercederet,
692 3416 833 3459 aliter
867 3420 1009 3471 atque
1053 3415 1288 3471 Terzaghi
1335 3414 1574 3458 Robertus
1620 3412 1855 3457 iudicavit
1887 3412 1942 3456 H.
1976 3412 2078 3456 XLI

314 3491 428 3532 1906
460 3505 506 3546 p.
538 3490 748 3547 416s417.
