2274 4036
792 286 1134 351 433..-

75 474 182 526 -sibi
255 473 462 526 videtur
520 474 586 526 ab
648 473 815 526 altero
860 472 938 526 ⁴de
999 472 1202 525 cithara
1261 490 1292 524 a
1345 474 1600 526 Mercurio
1658 475 1851 527 iuvene

79 563 326 632 inventa3
387 579 501 615 cum
550 562 698 615 111888
751 568 1018 631 postremo
1067 563 1120 614 in
1168 578 1327 614 unum
1381 579 1571 630 corpus
1628 556 1853 616 confusa

81 668 200 704 8888
239 651 444 719 reliqua
486 669 518 703 a
557 652 902 720 compilatore
953 650 1200 719 quodam,
1244 651 1486 719 diligenti
1537 652 1850 720 religionum
1866 694 1889 703 ..

77 740 297 809 cultore,
351 741 435 793 cui
490 746 736 809 portenta
792 746 844 794 et
898 740 1160 793 sacrificia
1210 746 1423 808 praeter
1473 746 1652 793 cetera
1707 741 1851 793 cordi

78 829 321 882 fuissent.
383 830 553 882 Certis
593 830 803 883 indiciis
844 829 1004 882 facile
1046 846 1078 880 a
1118 829 1307 882 ceteris
1335 830 1567 897 priscum
1597 823 1850 897 distingui

77 919 548 988 poetam,=quippe
598 919 687 986 qui
727 907 920 988 'lepide
974 924 1026 971 et
1064 923 1288 971 venuste
1328 919 1630 971 Maeonium
1671 924 1849 971 vatem

74 1008 306 1062 imitatus
349 1014 508 1077 esset,
541 1025 660 1061 cum
687 1008 1010 1061 recentiores
1038 1012 1218 1076 partes
1247 1007 1581 1060 abundarent
1607 1007 1849 1061 versibus

55 1097 406 1166 ‘ineptissime
447 1114 516 1150 ex
542 1097 840 1150 Homericis
882 1095 1140 1149 conflatis,
1205 1095 1376 1159 Quam
1416 1097 1675 1150 infirmum
1715 1097 1850 1150 haec

73 1187 206 1240 ratio
225 1188 353 1240 artis
373 1187 586 1240 criticae
608 1187 891 1255 praeberet
910 1186 1330 1254 fundamentum,
1352 1185 1850 1240 demonstraverunt

74 1275 331 1329 Ludwich
389 1281 441 1330 et
479 1276 786 1345 Kuiper,⁶⁷)
843 1292 976 1343 quos
1031 1282 1173 1329 recte
1228 1275 1496 1329 iudicasse
1548 1276 1708 1330 facile
1755 1279 1850 1331 tibi

73 1365 442 1435 persuadebiS,
485 1364 965 1419 cum‘editionibus
1005 1365 1337 1434 perlustratis
1380 1371 1431 1418 et
1487 1369 1848 1420 commentati-

71 1455 262 1509 onibus
299 1455 436 1508 inter
475 1454 793 1522 quingentos
834 1456 1106 1523 octoginta
1132 1455 1314 1525 hymni
1344 1472 1530 1509 versus
1557 1474 1663 1510 non
1691 1459 1847 1511 nimis

73 1545 268 1598 multos
306 1545 565 1613 invenies,
608 1545 696 1611 qui
755 1545 880 1598 boni
939 1550 1107 1597 utrum
1148 1546 1278 1598 sint
1343 1563 1410 1598 an
1470 1546 1612 1615 mali,
1674 1547 1847 1601 sintne

72 1633 329 1689 reiciendi
367 1650 556 1703 necne,
599 1650 785 1687 omnes
825 1633 895 1686 ad
934 1651 1094 1687 unum
1150 1635 1244 1688 viri
1297 1635 1440 1688 docti
1495 1638 1844 1691 consentiant.

68 1722 207 1789 Alia,
238 1722 427 1789 quibus
467 1723 547 1775 vir
587 1721 924 1776 doctissimus
963 1724 1142 1777 nititur
1180 1725 1521 1794 argumentis,
1551 1730 1845 1795 temporum

70 1811 190 1865 dico
213 1817 264 1864 et
284 1812 524 1865 locorum
542 1811 951 1881 discrepantias,
981 1813 1087 1865 iam
1114 1813 1401 1868 Seeckium
1431 1822 1843 1885 commoverant,

70 1908 126 1955 ut
145 1901 397 1970 hymnum
419 1901 794 1970 interpolatum
818 1908 869 1955 et
889 1907 1229 1956 retractatum
1254 1903 1467 1957 diceret.
1512 1903 1843 1972 Quamquam
1867 1935 1869 1938 ·

68 1990 190 2043 huic
249 1991 356 2043 iam
415 1991 690 2060 Ludwich,
757 1992 963 2061 Kuiper
1026 1992 1105 2045 illi
1168 1993 1603 2047 luculentissimis
1669 1995 1846 2048 allatis

68 2079 393 2148 argumentis
453 2080 733 2133 oblocutus
789 2087 884 2150 est,
947 2087 1127 2134 tamen
1186 2098 1382 2151 operae
1441 2084 1668 2151 pretium
1726 2100 1845 2137 esse

68 2170 194 2223 mihi
233 2169 442 2224 videtur
479 2171 667 2224 iterum
706 2172 937 2240 priscum
979 2171 1122 2238 quod
1159 2173 1421 2226 Robe-rtus
1462 2173 1590 2226 dicit
1629 2191 1841 2227 carmen

69 2259 375 2327 diligentius
454 2261 778 2313 examinare.
872 2261 1008 2314 Nam
1068 2266 1350 2328 postquam
1411 2262 1520 2330 ille,
1582 2279 1686 2329 qua
1763 2269 1845 2316 est

67 2349 378 2417 sagacitate,
408 2354 573 2402 totum
603 2349 853 2418 hymnum
882 2350 956 2402 ita
985 2350 1234 2419 excussit,
1264 2356 1320 2403 ut
1347 2368 1484 2418 quae
1513 2351 1580 2404 de
1609 2352 1841 2405 Seeckio

65 2438 269 2506 Kuiper
307 2437 451 2506 dicit,
491 2438 629 2491 iusto
668 2439 778 2491 iure
820 2439 889 2491 ad
930 2455 1049 2492 eum
1090 2439 1352 2508 pertinere
1394 2456 1619 2493 censeas
1659 2441 1693 2494 l.
1725 2458 1764 2493 8.
1796 2458 1837 2493 8.

66 2545 117 2595 p.
163 2529 217 2580 7:
340 2528 433 2599 „In
513 2527 655 2580 vitiis
717 2528 979 2581 erroribus
1040 2529 1418 2582 omissionibus
1476 2531 1890 2599 repugnantiis-

66 2615 390 2684 indagandis
450 2618 524 2669 ita
584 2618 692 2686 egit
747 2634 864 2671 cum
926 2617 1106 2687 hymni
1162 2624 1339 2687 poeta,
1382 2626 1437 2672 ut
1476 2620 1589 2673 fere
1630 2621 1841 2674 dubites

61 2706 274 2760 ullusne
312 2711 475 2775 poeta
514 2707 629 2759 sive
658 2707 905 2774 antiquus
934 2707 1048 2761 sive
1076 2709 1352 2777 recentior,
1385 2709 1454 2761 ad
1482 2709 1582 2762 hoc
1609 2710 1840 2764 tribunal

63 2795 271 2864 citatus,
334 2796 660 2864 absolvatur,
704 2801 794 2849 aut
850 2797 967 2865 ipse
1027 2798 1130 2850 sibi
1187 2815 1294 2851 non
1335 2798 1731 2867 conglutinatus
1771 2816 1838 2853 ex

63 2884 289 2938 diversis
329 2884 633 2939 hominibus
674 2885 844 2939 videri
883 2887 1104 2956 possit,“
1138 2888 1462 2956 sperandum
1504 2893 1586 2942 est
1612 2889 1839 2941 miseras

70 2974 192 3028 illas
222 2991 355 3043 quas
383 2975 552 3029 veteri
580 2977 783 3028 auctori
810 2977 890 3029 vir
917 2976 1104 3030 doctus
1137 2977 1374 3030 attribuit
1400 2978 1653 3046 reliquias
1674 2979 1740 3045 68>
1772 2979 1840 3032 ab

65 3065 309 3118 omnibus
329 3070 381 3118 et
400 3071 696 3135 temporum
717 3071 768 3118 et
795 3066 1032 3119 locorum
1062 3066 1436 3136 discrepantiis
1466 3067 1580 3122 fore
1618 3068 1832 3122 liberas.

239 3196 663 3252 67)Ηο111811881181·
722 3199 1046 3256 Hymnenbau,
1098 3200 1297 3258 Leipzig
1350 3203 1465 3247 1908
1517 3217 1562 3258 p.
1609 3204 1666 3245 23
1719 3217 1837 3260 sqq.,

63 3271 365 3329 Mnemosyne
398 3276 468 3328 38,
503 3275 619 3319 1910
648 3288 694 3329 p.
728 3275 768 3330 3,
800 3288 846 3330 p.
879 3275 935 3318 16
968 3289 1085 3330 sqq„
1126 3274 1247 3318 infra
1280 3275 1385 3319 adn.
1420 3279 1469 3321 71
1506 3291 1550 3333 p.
1584 3278 1640 3319 3ss
1673 3292 1775 3334 sqq.

188 3409 190 3411 ,
235 3361 291 3415 6ὅ)
324 3361 420 3405 Has
468 3362 696 3419 reliquias
750 3363 880 3421 typis
931 3378 1186 3419 expressas
1239 3366 1512 3422 notulisque
1568 3366 1834 3410 illustratas

59 3434 239 3490 publici
284 3435 398 3481 iuris
442 3435 560 3481 fecit
591 3437 646 3482 H.
679 3451 772 3480 van
810 3437 1097 3483 Herwerden
1143 3438 1229 3484 sub
1264 3439 1421 3484 -titulo
1472 3440 1670 3494 „Forma
1718 3441 1834 3485 anti-
1867 3465 1901 3480 s
