2274 4036
798 246 1137 314 '-13-

104 441 272 494 Aliter
323 441 479 508 igitur
522 439 811 493 Mercurius
860 438 924 492 ⁴se
980 440 1115 507 gerit
1156 443 1314 505 atque
1356 437 1406 490 di
1447 438 1730 507 Homerici,
1786 439 1874 506 qui

105 530 331 583 victimis
357 530 460 583 sibi
487 530 659 582 caesis
686 530 789 597 ipsi
815 530 950 582 inter
975 527 1216 581 homines
1243 533 1554 596 praesentes
1577 528 1871 599 epulantur

96 619 251 671 velut
287 619 565 687 Neptunus
607 623 658 670 et
683 619 928 686 Juppiter
968 617 1112 686 apud
1138 615 1434 685 Aethiopas
1473 638 1506 670 α
1534 617 1621 684 26,
1662 617 1721 670 Ψ
1749 616 1872 684 207,

104 707 150 759 A
189 707 315 777 423,
374 707 465 758 alii
524 707 668 774 apud
719 706 957 759 Oeneum
1000 708 1026 760 Ι
1077 705 1183 760 535
1237 711 1288 757 et
1333 705 1613 758 Phaeacas
1663 727 1694 777 η
1738 705 1872 773 201,

106 812 424 863 quamquam
445 813 552 849 non
574 795 765 849 desunt
781 795 1008 863 vestigia
1025 793 1243 846 deorum
1265 794 1581 862 cognitionis
1598 794 1873 862 paululum

106 885 366 939 diversae.
433 886 570 939 Nam
598 885 837 937 Minerva
874 905 907 956 γ
946 883 1054 938 436
1084 883 1358 951 epularum
1388 882 1601 950 quidem
1630 883 1870 951 conviva,

105 974 204 1027 sed
241 991 348 1027 non
387 974 675 1043 particeps,
717 973 912 1041 Apollo
940 973 986 1025 A
1014 972 1179 1038 66s67
1221 971 1354 1023 nihil
1406 972 1645 1024 nancisci
1687 972 1874 1024 dicitur

104 1063 207 1116 nis'i
245 1062 486 1115 nidorem
527 1079 805 1131 caprarum
849 1066 899 1114 et
939 1061 1114 1114 ovium
1138 1061 1256 1131 2¹).‘

281 1153 428 1204 Deos
482 1151 552 1203 ad
601 1150 701 1203 hoc
741 1150 1007 1219 Apollinis
1050 1149 1350 1217 exemplum
1391 1149 1661 1201 sacrificiis
1702 1148 1874 1201 delec-

103 1240 677 1308 tatosposterioribus
731 1239 960 1291 saeculis
1017 1238 1254 1292 Graecos
1302 1239 1476 1291 animo
1518 1237 1618 1290 sibi
1657 1238 1874 1292 finxisse
1925 1234 1929 1237 ’

106 1330 192 1383 vel
252 1346 319 1382 ex
376 1329 581 1382 Avibus
646 1328 961 1395 intellegere
1025 1328 1151 1380 licet
1216 1327 1402 1380 fabula
1465 1327 1872 1395 Aristophanea.

106 1419 268 1473 Cuius
308 1423 507 1485 auctor,
549 1417 680 1470 deos
718 1417 879 1484 vulgo
922 1417 1149 1469 creditos
1190 1433 1305 1469 cum
1365 1416 1591 1469 ludibrio
1637 1416 1873 1485 haberet,

107 1508 404 1561 mortalium
464 1507 608 1575 vitia,
670 1523 890 1573 erroreS,
944 1506 1262 1575 cupiditates
1308 1506 1464 1558 nimis
1504 1506 1731 1559 fortasse
1770 1507 1876 1559 illis

108 1597 370 1665 attribuit3
400 1597 470 1666 ⁶22)
512 1595 610 1649 sed
648 1612 716 1669 ne
758 1595 1015 1647 comicum
1056 1594 1270 1661 quidem
1309 1600 1522 1663 poetam
1563 1596 1874 1663 scripturum

107 1686 271 1740 fuisse
309 1691 437 1754 puto
477 1685 575 1738 Av.
619 1703 666 1737 v.
712 1683 839 1737 186;

217 1782 333 1841 τοὺς
374 1774 418 1830 δ’
459 1777 523 1830 αὖ
563 1780 717 1839 θεοὺς
759 1777 998 1829 ἀπολεῖτε
1038 1777 1170 1846 λιμῷ
1210 1776 1410 1847 Μηλίῳ.

215 1883 265 1918 v.
310 1864 483 1918 1519:
525 1863 641 1919 ἀλλ’
682 1866 901 1935 ὡσπερεὶ
943 1863 1315 1935 Θεσμοφορίοις
1356 1867 1663 1937 νηστεύομεν

217 1959 338 2010 ἄνευ
378 1952 698 2026 aunam-2³)

281 2057 339 2114 20)
375 2056 604 2127 ΟΟοᾶίοιιῐῃ
626 2055 861 2100 lectiones
886 2058 1138 2111 corruptae
1162 2058 1291 2112 sunt3
1316 2054 1374 2100 cf.
1396 2055 1575 2099 Allenii
1598 2059 1877 2112 apparatum

109 2132 336 2178 criticum.
408 2131 580 2175 Editor
622 2131 726 2186 ipse
769 2129 1025 2186 proposuit
1055 2132 1221 2183 παρεῖν’
1269 2130 1350 2172 vel
1381 2145 1458 2184 περ
1492 2130 1580 2184 εἶν’,
1615 2131 1672 2174 de
1708 2131 1876 2187 quibus

19 2235 22 2237 -
107 2207 355 2264 scripturis
398 2206 501 2262 ipse
535 2205 606 2249 sic
638 2204 873 2248 iudicavit
903 2204 947 2248 J.
979 2204 1033 2247 H.
1069 2204 1136 2248 St.
1168 2203 1301 2247 XVII
1334 2206 1446 2250 1897
1490 2219 1535 2260 p.
1568 2208 1680 2251 258:
1714 2206 1771 2262 „J
1804 2219 1875 2249 am

109 2295 265 2325 aware
314 2280 419 2324 that
452 2283 530 2321 καί
562 2294 610 2321 τε
642 2281 742 2333 μάλ’
778 2282 978 2332 ἱμείροντι
1011 2293 1088 2331 περ
1122 2276 1197 2320 εἶν’
1233 2282 1344 2332 ἱερῆς
1377 2278 1600 2322 involves
1646 2278 1876 2323 diaeresis

108 2354 231 2399 after
277 2354 359 2398 the
392 2353 520 2397 third
550 2352 658 2397 foot
691 2353 782 2395 and
827 2351 999 2395 elision
1031 2350 1087 2395 of
1113 2366 1185 2409 αις
1232 2350 1274 2394 if
1311 2351 1391 2395 the
1424 2350 1600 2396 former
1633 2352 1878 2409 obJection

106 2430 167 2474 be
200 2429 320 2474 fatal
350 2428 557 2486 perhaps
589 2431 754 2482 παρεῖν’
784 2426 938 2483 might
976 2427 1117 2470 stand
1148 2426 1340 2483 ‘admit’‚
1373 2426 1556 2482 though
1579 2427 1618 2470 it
1639 2427 1680 2470 is
1705 2428 1879 2471 almost

107 2503 360 2560 burlesque
394 2536 630 2547 ......
682 2500 950 2545 Ludwich’s
997 2508 1106 2543 πιεῖν
1151 2501 1191 2544 is
1223 2504 1310 2544 not
1341 2515 1462 2558 very
1494 2501 1700 2545 suitable
1734 2505 1784 2545 to
1820 2515 1878 2545 an

14 2596 19 2602 ·
109 2581 206 2634 ὁσίη
237 2576 450 2631 κρεάων.“
523 2576 729 2632 Propter
777 2589 891 2632 quas
938 2574 1228 2619 offensiones
1263 2588 1354 2631 ego
1387 2575 1550 2631 potius
1581 2575 1878 2619 Fridericum

110 2652 240 2695 Marx
272 2665 463 2707 sequor,
509 2650 588 2707 qui
635 2650 682 2693 in
726 2649 980 2693 seminario
1027 2648 1280 2704 philologo
1313 2649 1555 2693 Bonnensi
1589 2650 1753 2694 docuit
1784 2664 1909 2694 non.

108 2725 406 2781 infinitivum,
429 2723 515 2767 sed
535 2737 706 2767 nomen
730 2723 791 2766 ad
815 2727 1015 2777 ἱμείροντι
1038 2722 1282 2778 pertinens
1306 2722 1353 2765 in
1375 2723 1616 2767 vocabulo
1653 2728 1876 2780 corrupto

108 2801 274 2844 latere.
339 2798 481 2842 Cuius
516 2798 792 2842 coniectura
822 2801 980 2850 κρειῶν
1004 2800 1205 2852 accepta
1237 2810 1406 2840 versus
1440 2798 1524 2842 133
1557 2797 1628 2842 sic
1650 2797 1879 2855 interpre-

109 2872 280 2917 tandus
329 2877 426 2919 est:
482 2871 697 2928 quamvis
743 2870 1039 2914 desideraret
1095 2883 1259 2914 carnes
1307 2870 1416 2914 in'de
1465 2884 1492 2913 a
1538 2870 1702 2914 valido
1750 2872 1910 2916 collo

111 2947 345 3006 deorsum.
437 2946 507 2989 Ea
558 2945 704 3001 igitur
767 2943 898 2987 dorsi
952 2943 1167 2986 animalis
1219 2956 1330 2999 pars
1384 2943 1572 2999 dicitur,
1621 2958 1725 3001 qua,
1775 2958 1878 2988 cum

111 3020 292 3076 optima
325 3020 687 3074 existimaretur,
721 3017 970 3062 fortissimi
1003 3017 1361 3060 honorabantur
1391 3017 1497 3073 viri,
1530 3017 1619 3062 hac
1653 3019 1710 3061 de
1735 3032 1879 3062 causa

112 3108 156 3137 v.
190 3095 274 3139 122
306 3099 420 3136 νῶτα
451 3097 664 3148 γεράσμια
698 3091 955 3149 appellata.
1071 3150 1073 3152 q

286 3166 344 3222 21]
378 3166 435 3210 cf.
478 3166 596 3209 Paul
631 3165 840 3222 Stengel‚
887 3162 1240 3219 Opferbrauehe
1275 3163 1358 3206 der
1392 3163 1639 3219 Griechen,
1683 3165 1879 3221 Leipzig

111 3241 206 3285 und
236 3242 398 3286 Berlin
431 3243 547 3287 1910
576 3255 621 3297 p.
654 3240 711 3284 64
744 3240 848 3283 adn.
883 3241 923 3281 1.

288 3314 343 3369 22)
378 3314 438 3360 cf.
473 3315 582 3358 Carl
605 3313 756 3369 Kock,
789 3311 1137 3368 Aristophanes
1170 3309 1265 3354 und
1297 3311 1372 3355 die
1398 3311 1570 3355 Gotter
1602 3313 1685 3356 des
1708 3313 1879 3357 Volks-

114 3388 358 3446 glaubens,
390 3379 587 3445 Leipzig
619 3390 732 3434 1857
768 3387 836 3442 (F.
867 3387 910 3431 J.
946 3385 1108 3442 Suppl.
1142 3384 1227 3440 III)
1260 3399 1305 3441 p.
1341 3386 1410 3440 79,
1443 3400 1488 3441 p.
1522 3387 1593 3432 97.
