2274 4036
1144 361 1216 367 —
1259 325 1436 410 72...-

580 501 716 553 Plat.
760 501 983 555 Theaet.
1028 519 1077 570 p.
1110 503 1215 558 175
1244 504 1288 555 E
1329 501 1495 556 verba
1532 508 1596 559 τὰ
1636 507 1725 575 μὲν
1765 515 1973 559 τοιαῦτα
2012 507 2178 560 πάντα

403 593 686 662 δυναμένου
735 601 895 663 τορῶς
935 612 989 646 τε
1039 596 1126 647 καὶ
1179 594 1336 658 ὀξέως
1388 595 1643 648 διακονεῖν
1701 591 2028 660 significant:
2090 593 2179 660 qui

402 680 645 733 omuibus
692 679 954 733 eiusmodi
1011 680 1316 742 muneribus
1355 680 1429 733 ita
1469 680 1617 748 fungi
1666 687 1860 751 potest,
1919 687 1991 751 ut,
2041 686 2215 750 quae'

402 769 615 836 agenda
673 775 810 837 sunt,
868 769 1030 822 facile
1085 776 1137 823 et
1195 758 1437 823 celeriter
1495 770 1721 840 (animo)
1779 776 2038 840 penetret.
2115 771 2178 824 In

401 859 812 926 Indagatoribus
872 859 972 912 col.
1034 860 1079 911 V
1138 860 1188 928 2,
1239 860 1344 915 108
1395 859 1562 912 verba
1618 865 1716 929 οὐκ
1773 855 2030 916 εἰσακοῦω
2095 881 2180 916 πω

403 950 596 1021 [τορῶ]ς
644 959 732 1003 τοῦ
793 951 1092 1021 φθέγματος
1143 947 1275 1001 nihil
1327 948 1473 1002 aliud
1524 949 1624 1001 sibi
1675 949 1860 1002 volunt
1898 949 2031 1002 nisi:
2072 966 2177 1002 vox

399 1027 506 1091 non
534 1043 641 1090 tam
671 1038 817 1091 clara
857 1044 954 1106 est,
983 1044 1039 1091 ut
1064 1038 1118 1091 in
1155 1038 1388 1090 animum
1415 1054 1591 1092 meum
1618 1045 1876 1108 penetret,
1917 1043 1974 1092 ut
2001 1039 2176 1093 animo

400 1144 519 1180 meo
567 1143 678 1180 rem
705 1127 1016 1196 percipiam.
1046 1127 1304 1197 Aeschyli
1330 1128 1496 1181 verba
1522 1129 1695 1181 Prom.
1721 1127 1827 1182 609
1855 1130 1990 1196 λέξω
2016 1126 2176 1201 τορῶς

401 1237 478 1271 σοι
507 1228 608 1272 πᾶν
638 1216 964 1287 θΧρΙίοᾱῑιᾶειν
989 1222 1132 1270 sunt:
1163 1217 1342 1269 omnia
1367 1217 1443 1270 ita
1470 1234 1752 1286 exponam,
1781 1222 1838 1270 ut
1863 1217 1917 1271 in
1945 1217 2175 1272 animum

397 1312 542 1358 tuum
581 1311 878 1376 penetrent,
925 1305 1345 1376 „eindringlich“
1391 1306 1711 1360 Germanice
1751 1305 1989 1359 dicimus,

576 1396 764 1463 Itaque
804 1396 926 1464 lege
969 1395 1201 1463 quadam
1241 1395 1321 1449 usi
1365 1412 1392 1448 e
1432 1412 1488 1449 re
1529 1396 1650 1465 ipsa
1688 1401 1816 1449 nata
1844 1395 2035 1448 Graeci
2075 1395 2178 1448 hoc

398 1485 726 1555 adverbium,
770 1491 1023 1553 quantum
1066 1485 1279 1554 quidem
1322 1502 1389 1539 ex
1429 1486 1691 1555 exemplis
1732 1485 2064 1540 exstantibus
2103 1485 2175 1538 in·

395 1574 653 1642 telleger'e
708 1575 849 1645 licet,
901 1592 1019 1628 cum
1074 1575 1250 1629 verbis
1304 1575 1493 1629 activis
1534 1581 1586 1628 et
1625 1574 1815 1628 mediis
1856 1575 2176 1642 coniungere

397 1664 671 1733 solebant3
712 1681 836 1716 nam
876 1675 1036 1736 τορῶς
1079 1663 1282 1731 aliquid
1308 1664 1396 1718 vel
1437 1663 1564 1717 dicit
1603 1663 1692 1717 vel
1721 1664 1848 1734 agit,
1879 1665 1968 1732 qui
1987 1662 2174 1738 efficit,

396 1761 451 1807 ut
489 1771 574 1807 res
614 1744 1161 1823 proposita'quodam
1202 1754 1362 1809 modo
1402 1755 1456 1806 in
1497 1754 1728 1808 animum
1768 1758 2039 1823 penetret3
2080 1753 2176 1806 sed

397 1843 663 1911 quomodo
705 1845 1026 1898 sententiam
1088 1886 1598 1899 ..........
1643 1846 1816 1917 (ζυγὰ)
1885 1886 1895 1896 .
1941 1886 1950 1898 .
1996 1886 2006 1897 .

618 1936 842 2006 ἐνήλατα
883 1932 992 2001 ξύλ’
1033 1936 1100 1999 ὡς
1139 1937 1398 2006 τρίγομερα
1439 1937 1685 2005 διατὸρως
1726 1936 1971 2006 ἐρείδεται
2012 2002 2017 2005 .

397 2023 678 2093 explicem,
722 2022 970 2091 equidem
1011 2023 1210 2077 nescio.

573 2112 724 2176 Quae
781 2130 899 2166 cum
954 2113 1029 2166 ita
1080 2114 1200 2182 sint,
1259 2112 1538 2166 credamus
1589 2128 1815 2167 necesse
1867 2117 1947 2165 est
1999 2111 2174 2165 locum

395 2201 754 2271 Sophocleum
784 2220 850 2256 ex
890 2202 1109 2256 fabulae
1139 2203 1283 2256 exitu
1310 2203 1362 2256 in
1394 2202 1577 2256 charta
1604 2201 1880 2272 deperdito
1909 2206 2174 2270 sumptum

397 2292 466 2345 ad
505 2310 688 2346 verum
746 2293 942 2346 lectum
1001 2293 1284 2362 pertinere,
1327 2294 1416 2360 qui
1472 2292 1704 2360 quodam
1755 2308 1927 2346 rerum
1969 2307 2176 2345 conexu

397 2398 516 2434 cum
576 2383 787 2436 actione
847 2383 1099 2436 scaenica
1157 2381 1472 2436 cohaeserit.
1563 2381 1921 2435 Difficultates
1981 2366 2197 2448 autem,-

395 2472 584 2538 quibus
623 2471 759 2525 haec
788 2472 855 2526 de
884 2473 1096 2526 amissis
1125 2472 1347 2527 fabulae
1374 2472 1614 2542 partibus
1643 2472 1886 2540 quaestio
1913 2470 2175 2541 impedita

394 2566 490 2634 est,
521 2577 586 2613 ea
625 2579 681 2614 re
723 2567 998 2630 augentur,
1029 2561 1171 2629 quod
1209 2561 1446 2615 Pollucis
1486 2561 1604 2614 libri
1647 2566 1892 2631 corrupta
1920 2560 2174 2614 exhibent

392 2649 560 2702 verba
625 2649 948 2719 Sophoclea.
1068 2650 1272 2714 Quibus
1336 2651 1600 2704 Robertus
1666 2649 1934 2704 medelam
2001 2649 2176 2703 attulit

392 2740 653 2808 scriptura
695 2761 751 2795 σε
792 2743 950 2796 δεῖται
982 2740 1268 2794 emendata
1294 2741 1347 2794 in
1385 2762 1441 2796 σε
1470 2744 1562 2811 δεῖ,
1593 2743 1913 2813 διατορεῦσαι
1944 2739 2171 2807 cael-are,

393 2828 535 2896 quod
595 2829 664 2882 ad
724 2829 943 2883 fabulae
999 2836 1366 2899 argumentum
1424 2830 1571 2884 nullo
1627 2829 1786 2882 modo
1838 2828 2078 2897 quadrat,
2118 2829 2171 2882 in

393 2922 689 2991 διατορῆσαι
732 2920 1095 2988 perterebrare
1133 2920 1489 2988 trimetrisque
1528 2919 1772 2972 iambicis
1802 2918 2114 2988 propositis:

1236 3013 1316 3065 δεῖ
1350 3008 1588 3083 τρίγομφ’
1629 3011 1852 3081 ἐνήλατα

616 3099 770 3154 <νῠν>
803 3101 1101 3172 διατορῆσαί
1145 3097 1296 3165 o’m)

391 3186 491 3239 hoc
531 3186 827 3254 fragmento
870 3189 1066 3240 exitum
1109 3188 1327 3241 fabulae
1369 3187 1438 3240 ad
1477 3187 1857 3241 restituendum
1897 3186 1995 3239 ille,
2045 3203 2169 3239 usus

392 3282 471 3327 est
510 3294 559 3344 p.
604 3277 733 3330 559:
782 3278 899 3348 „Da
939 3278 1131 3330 Pollux
1184 3277 1268 3331 die
1309 3278 1476 3331 Stelle
1530 3278 1615 3330 bei
1655 3276 2038 3346 Besprechung
2077 3275 2171 3328 der

565 3410 639 3465 122)
675 3415 948 3466 διατορεῦσαι
974 3411 1100 3468 apud
1123 3411 1386 3457 Robertum
1418 3412 1448 3456 l.
1472 3425 1507 3455 s.
1532 3426 1568 3455 S.
1592 3411 1762 3455 mendo
1798 3410 1999 3455 debetur
2031 3413 2169 3467 typo-

397 3484 644 3542 graphico.
