2274 4036
1128 361 1407 416 *25—

384 535 476 586 hat
516 533 750 589 dereinst
788 535 856 587 im
888 519 1214 604 Pisatengau
1254 537 1399 591 nicht
1438 538 1646 592 minder
1684 539 1919 609 gebliiht,
1950 541 2052 594 wie
2104 541 2158 594 in

383 622 700 676 Niederelis.
761 624 906 676 Aber
946 625 1032 703 die
1062 627 1239 679 Eleier
1280 627 1453 679 haben
1496 626 1584 679 ihu
1614 645 1718 681 von
1761 629 1879 681 dort
1903 630 2164 697 losgelost

383 712 492 765 und
543 713 595 764 in
648 713 787 765 ihrer
833 714 1160 783 Hauptstadt
1213 714 1639 788 konzentriertff
1723 717 1918 770 Urbem
1985 724 2160 772 autem

383 802 494 854 iure
560 801 791 868 quodam
849 809 1021 856 terrae
1071 804 1242 856 Elidis
1303 811 1462 873 caput
1523 804 1717 857 dictam
1783 812 1991 859 centum
2050 806 2162 860 fere

386 891 539 943 annis
593 898 716 959 post
756 892 1094 959 synoecismo
1136 893 1225 958 qui
1267 892 1456 944 dicitur
1497 894 1763 946 conditam
1808 911 1929 948 esse
1970 895 2162 948 Stra-bo

384 986 608 1033 testatur
664 981 790 1033 VIII
842 982 892 1050 3,
948 983 980 1034 2
1034 998 1088 1049 p.
1131 982 1263 1034 336:
1343 981 1493 1047 Ἦλις
1535 986 1589 1037 δὲ
1629 987 1662 1055 ἡ
1703 995 1790 1039 νῦν
1829 987 1977 1049 πόλις
2018 990 2162 1045 οὔπω

384 1075 586 1125 ἔκτιστο
628 1069 753 1126 καθ’
794 1069 1044 1143 Ὅμηρον,
1089 1069 1206 1126 ἀλλ’
1246 1075 1277 1142 ἡ
1319 1072 1466 1144 χώρα
1507 1075 1749 1145 κωμηδὸν
1790 1075 1972 1145 ᾠκεῖτο
2035 1117 2045 1128 .
2092 1116 2102 1128 .
2148 1117 2159 1129 .

389 1170 484 1238 ὀψὲ
540 1170 595 1231 δὲ
647 1188 771 1222 ποτε
828 1170 1089 1240 συνῆλθον
1144 1172 1213 1232 εἰς
1265 1173 1355 1239 τὴν
1408 1179 1494 1224 νῦν
1534 1171 1684 1223 πόλιν
1723 1167 1892 1239 Ἦλιν,
1936 1175 2060 1243 μετὰ
2099 1176 2162 1226 τὰ

383 1258 631 1328 Περσικά,
674 1260 734 1311 ἐκ
773 1259 983 1311 πολλῶν
1024 1257 1300 1329 δήμων.49)
1403 1257 1552 1310 Licet
1591 1258 1644 1310 in
1672 1259 1845 1311 vicum
1887 1259 1984 1312 sub
2026 1259 2162 1312 arcis

384 1352 562 1398 monte
592 1345 943 1415 Oxylidarum
987 1347 1140 1399 situm
1186 1346 1302 1399 Elei
1330 1347 1694 1400 transtulerint
1722 1347 1919 1401 Bacchi
1948 1349 2162 1418 cultum,

385 1451 476 1487 cur
527 1435 576 1487 ei
623 1435 698 1487 ita
745 1434 937 1487 facturi
989 1452 1094 1488 non
1135 1435 1189 1487 in
1240 1452 1397 1504 nova,
1441 1436 1539 1489 sed
1590 1437 1646 1489 iu
1687 1437 1865 1506 prisca
1905 1436 1994 1491 dei
2032 1437 2163 1499 sede

382 1524 462 1576 illi
514 1532 565 1577 et
605 1523 801 1577 Gratiis
843 1542 987 1577 aram
1030 1524 1456 1578 dedicaverunt?
1535 1526 1741 1579 Dixerit
1781 1526 2045 1596 quispiam
2097 1543 2164 1581 ex

384 1620 613 1682 utraque
664 1614 878 1667 civitate
929 1614 1060 1668 deos
1113 1615 1382 1684 principes
1434 1614 1654 1670 foedere
1706 1615 1800 1668 illo
1852 1615 1958 1669 icto
2009 1616 2165 1670 novis

386 1704 637 1757 debuisse
698 1704 803 1757 aris
859 1703 1145 1772 honorari3
1205 1703 1303 1757 sed
1363 1710 1617 1771 quantum
1677 1704 1891 1772 quidem
1948 1705 2163 1774 collegii

385 1792 653 1862 Olympici
731 1793 1088 1846 constituendi
1164 1794 1423 1847 rationem
1503 1794 1772 1861 quandam
1870 1811 2163 1863 agnoscere

383 1868 684 1953 posSumus,
729 1882 782 1935 di
822 1883 889 1935 ab
931 1883 1194 1936 universis
1236 1883 1458 1936 Graecis
1497 1883 1699 1953 recepti
1740 1883 2005 1937 coniuncti
2044 1890 2166 1937 sunt

384 1989 502 2026 cum
563 1974 698 2042 aliis,
743 1990 961 2050 quoru-m
1020 1973 1189 2026 cultus
1242 1973 1356 2026 sive
1401 1973 1472 2026 ad
1511 1974 1758 2041 regiones
1797 1974 2004 2027 vicinas
2045 1973 2160 2027 sive

385 2063 452 2116 ad
510 2062 816 2132 Olympiam
869 2064 1042 2132 ipsam
1094 2063 1431 2133 pertinet,⁵⁰)
1483 2064 1708 2132 primam
1764 2069 1817 2117 et
1865 2050 2159 2132 principem

383 2185 496 2240 6593
520 2182 607 2227 sed
627 2182 934 2227 nihilominus
960 2182 1224 2239 antiquitus
1242 2188 1295 2225 ut
1311 2181 1678 2239 Hippodamiam
1712 2181 1782 2226 ita
1810 2181 1897 2226 has
1931 2181 2154 2226 mulieres

387 2271 489 2302 cum
523 2256 743 2315 Olympia
792 2256 1032 2300 artissime
1080 2256 1230 2300 fuisse
1282 2256 1562 2301 coniunctas
1608 2269 1697 2314 pro
1748 2259 1881 2300 certo
1931 2256 2158 2300 affirmari

384 2336 565 2389 potest.
613 2330 977 2376 Posterior-ibus
1011 2330 1309 2388 temporibus
1342 2330 1582 2375 Bacchum
1617 2330 1726 2374 aliis
1761 2329 1834 2374 dis
1866 2330 1913 2374 in
1943 2329 2160 2374 Pisatide

383 2405 490 2461 plus
514 2403 789 2448 valentibus
812 2417 1008 2459 regnum
1034 2403 1167 2460 quasi
1195 2403 1402 2447 cessisse
1429 2407 1476 2446 et
1498 2402 1684 2446 Elidem
1707 2402 1870 2447 urbem
1891 2402 2154 2461 principem

385 2479 547 2523 sedem
602 2477 825 2534 elegisse,
874 2482 925 2521 ut
974 2477 1259 2534 Wenigerus
1313 2478 1433 2532 vult,
1480 2490 1574 2521 non
1626 2490 1782 2534 nego,
1837 2475 1950 2533 quid
2002 2474 2159 2520 autem

385 2553 594 2597 sedecim
641 2552 864 2596 mulieres
913 2552 1001 2596 hac
1050 2551 1102 2594 in·
1129 2566 1179 2595 re
1214 2551 1501 2606 adiuverint,
1532 2565 1628 2595 non
1661 2550 1828 2607 liquet,
1860 2563 2029 2607 neque,
2065 2563 2158 2607 quo

385 2630 601 2684 tempore
649 2627 741 2671 hoc
789 2626 967 2671 factum
1023 2626 1100 2682 sit,
1151 2630 1355 2670 constat.
1449 2625 1570 2669 Post
1617 2625 1803 2668 Elidem
1856 2624 2161 2682 synoecismo

386 2706 574 2746 auctam
621 2701 670 2746 id
718 2701 954 2746 accidisse
987 2700 1288 2757 probabilius
1320 2699 1437 2743 mihi
1469 2698 1683 2756 videtur3
1713 2699 1891 2757 pagani
1922 2698 2159 2744 Bacchum

387 2777 498 2821 olim
547 2777 595 2819 in
627 2775 764 2820 Elide
814 2775 1033 2819 venerati
1076 2779 1213 2832 sunt,
1260 2788 1367 2818 nam
1400 2774 1641 2831 Physcoa,
1674 2773 1855 2818 Bacchi
1889 2786 2080 2830 sponsa,
2115 2778 2162 2823 et

387 2864 442 2895 ea
475 2864 502 2894 a
550 2850 760 2895 sedecim
808 2850 1054 2893 mulierum
1104 2849 1313 2905 collegio
1363 2863 1458 2893 non
1506 2849 1676 2904 aliena,
1710 2848 1757 2892 in
1804 2861 1931 2905 pago
1965 2851 2161 2892 versata

387 2940 492 2970 esse
527 2925 729 2982 dicitur,
764 2924 824 2970 cf.
846 2925 987 2968 Paus.
1010 2923 1052 2968 V
1087 2924 1155 2980 16,
1189 2925 1240 2968 6:
1274 2927 1349 2979 τὴν
1382 2926 1586 2966 Φυσκόαν
1619 2926 1667 2966 δὲ
1699 2922 1807 2965 εἶναι
1842 2925 1999 2978 ταύτην
2033 2926 2160 2976 φασιν

385 3004 436 3043 ἐκ
484 3007 559 3056 τῆς
590 3002 769 3052 Ἤλιδος
816 3006 892 3055 τῆς
937 3002 1106 3054 κοίλης,
1155 3005 1213 3053 τῷ
1261 3001 1382 3053 δήμῳ
1430 3001 1477 3040 δὲ
1525 3000 1634 3040 ἔνθα
1666 3001 1834 3052 ᾤκησεν
1867 2999 2006 3052 ὄνομα
2040 2997 2156 3052 [μὲν]

386 3077 564 3129 Ὀρθίαν
597 3075 721 3118 εἶναι.
1098 3101 1101 3105 -

318 3154 321 3157 '
560 3147 618 3207 49)
655 3149 713 3194 ef.
755 3149 928 3193 Busolt
958 3150 990 3194 1.
1024 3163 1060 3193 s.
1094 3163 1130 3193 s.
1164 3149 1231 3192 III
1263 3162 1308 3206 p.
1342 3150 1425 3194 117
1477 3147 1582 3191 adn.
1617 3149 1657 3203 5,
1693 3146 1897 3203 Curtius,
1934 3144 1986 3190 Ο.
2021 3145 2160 3189 Text-

385 3225 512 3268 band
543 3225 563 3268 I
596 3237 640 3281 p.
673 3225 731 3268 38
765 3238 883 3280 sqq.,
918 3223 1111 3267 Hiibner
1142 3224 1194 3266 P.
1228 3223 1301 3267 W.
1335 3237 1372 3267 s.
1405 3236 1451 3267 v.
1485 3222 1586 3265 Elis
1618 3235 1664 3278 p.
1698 3222 1828 3277 2393,
1861 3233 1906 3278 p.
1939 3220 2070 3266 2432.
2126 3274 2127 3277 Ἴ

563 3297 617 3353 50)
633 3298 691 3341 Hi
708 3298 769 3354 di,
786 3311 905 3354 quos
924 3297 1163 3353 indigetes
1179 3296 1421 3353 appellare
1435 3296 1549 3340 mihi
1563 3296 1722 3351 liceat,
1741 3299 1852 3339 sunt
1869 3294 2098 3339 Saturnus
2112 3297 2160 3337 et

384 3373 532 3428 Rhea,
549 3373 606 3417 de
626 3373 797 3429 quibus
816 3385 959 3429 supra
978 3371 1089 3428 dixi,
1110 3372 1338 3428 AlpheuS‚
1359 3384 1561 3427 quocum
1586 3369 1867 3414 consociata
1891 3372 1966 3413 est
1982 3368 2157 3423 Diana,

387 3450 619 3501 Ἀλφειαία,
641 3448 782 3491 Paus.
805 3447 870 3491 VI
894 3447 964 3503 212,
991 3450 1059 3501 10,
1085 3449 1359 3500 Ἀλφειωνία,
1385 3447 1647 3499 ’mesconem
1682 3443 1857 3489 Strabo
1884 3442 1997 3488 VIII
2028 3443 2070 3499 3,
2103 3442 2158 3487 12

385 3534 430 3579 p.
463 3522 563 3578 343,
598 3524 824 3575 Ἀλφειώα-
851 3520 1011 3565 Schol.
1035 3519 1168 3563 Pind.
1194 3519 1334 3576 Pyth.
1358 3519 1402 3562 ll
1435 3522 1505 3575 12,
1538 3519 1666 3562 Nem.
1691 3518 1712 3561 I
1743 3518 1785 3574 3,
1807 3520 1998 3572 ποταμία
2020 3515 2157 3560 Ρίῐιᾰ.
