2274 4036
1009 255 1373 314 1‚-30-.-

345 439 475 506 ,μετὰ
522 437 597 489 ’δὲ
662 445 838 490 τοῦτον
906 434 1156 504 (Junonis
1224 422 1566 505 Olyinpicae)
1632 428 1966 500 Ἀπόλλωνος
2031 440 2117 491 καὶ

348 521 541 595 Ἑρμοῦ
571 525 740 596 βωμός
782 527 916 580 ἐστιν
947 528 999 580 ἐν
1027 535 1202 597 κοινῷ,
1227 528 1352 580 διότι
1381 523 1574 597 Ἑρμῆν
1603 527 1775 597 λύρας,
1805 525 2118 583 Ἀπόλλωνα

348 614 404 667 δὲ
453 615 661 684 εὑρέτην
702 613 828 667 εἶναι
870 617 1094 685 κιθάρας
1135 613 1401 685 Ἑλλήνων
1443 617 1577 669 ἐστίν
1619 614 1669 678 ἐς
1710 619 1892 679 αὐτοὺς
1945 617 2116 685 λόγος.

283 695 286 699 ’
337 699 517 764 :Quam
547 700 828 754 Wernicke
843 702 909 766 59)
939 703 1243 754 Pausaniae
1276 702 1577 754 testimonio
1607 702 1854 769 neglecto
1890 703 2119 770 antiquis

349 790 652 859 palaestrae
696 791 811 844 deis
840 806 1045 844 sacram
1078 791 1243 843 fuisse
1274 791 1412 843 dicit.
1481 791 1607 843 Uter
1635 799 1809 844 autem
1839 809 1872 843 a
1898 792 2120 854 verita-te

349 879 565 948 propius
607 880 762 949 absit,
806 879 1004 933 dubito.
1074 880 1360 933 Mercurius
1404 881 1540 933 enim
1583 879 1914 952 Ἐναγώνιος,
1944 887 1998 934 ut
2026 898 2123 950 par

349 975 476 1038 erat,
508 985 658 1022 suam
679 969 917 1022 habebat
938 987 1084 1022 aram
1108 969 1177 1022 ad
1200 970 1358 1022 stadii
1380 969 1662 1035 introitum,
1688 970 1820 1023 sicut
1842 969 2120 1039 Neptunus

346 1057 566 1126 Ἵππιος,
595 1059 734 1111 Juno
758 1058 955 1129 Ἱππία,
982 1059 1246 1125 CastoreS,
1272 1059 1410 1111 Mars
1437 1058 1657 1125 Ἵππιος,
1684 1057 1919 1113 Minerva
1945 1059 2120 1116 Ἱππία

347 1147 432 1199 vel
474 1147 525 1199 in
567 1146 919 1217 hippodromo
939 1148 1003 1214 ⁶⁰)
1047 1148 1133 1201 vel
1175 1149 1226 1199 iu
1268 1148 1385 1200 loco
1442 1148 1490 1200 ei
1541 1147 1854 1217 propinquo.
1934 1149 2119 1217 Neque

332 1235 499 1305 illum
537 1236 704 1288 secuti
745 1237 1122 1305 intellegimus,
1154 1254 1315 1304 quare
1346 1237 1494 1295 Mars
1515 1237 1647 1300 inter
1678 1236 1957 1297 duodecim
1988 1238 2120 1294 deos

344 1324 502 1397 desit,
564 1342 719 1393 quem
782 1315 1087 1395 Apollinem
1160 1327 1402 1395 pugilatu
1474 1333 1527 1379 ut
1581 1326 1894 1380 Mercurium
1967 1344 2121 1381 cursu

340 1414 526 1484 primis
582 1414 769 1468 iisdem
824 1415 963 1468 ludis
1003 1416 1197 1469 vicisse
1251 1433 1315 1468 ea
1378 1432 1535 1484 quam
1586 1417 1663 1469 vir
1702 1415 1890 1471 doctus
1929 1422 2118 1470 testem

346 1503 592 1574 producit
631 1504 824 1558 —fabula
872 1515 1077 1573 narrat,
1118 1508 1275 1559 Paus.
1308 1508 1351 1559 V
1395 1506 1565 1573 7,,1οι
1629 1518 1831 1579 νικῆσαι
1873 1510 1930 1562 δὲ
1968 1500 2118 1562 ἄλλοι

347 1597 706 1667 τεγλὲγονται,
760 1601 846 1651 καί
898 1601 972 1651 ὅτι
1029 1596 1304 1653 Ἀπολλων
1361 1601 1685 1670 παραδράμοι
1745 1599 1833 1670 μὲν
1889 1600 2120 1669 ἐρίζοντα

346 1683 577 1758 Ἑρμῆν,
621 1689 869 1765 πρατὴσαι
929 1690 984 1741 δὲ
1039 1687 1240 1759 Ἄρεως
1297 1698 1489 1760 πυγμῇ·
1573 1686 1875 1740 Pausaniae
1937 1693 2117 1738 autem

348 1835 506 1908 autem
552 1850 722 1893 lacuna
772 1848 1040 1894 deformato
1091 1851 1143 1895 V.
1196 1853 1295 1907 14,4
1342 1851 1475 1895 multi
1526 1852 1616 1899 viri
1668 1850 1798 1896 docti
1846 1852 2119 1897 memoriam

348 1934 531 1966 ararum
564 1922 758 1968 Saturni
793 1928 839 1968 et
873 1924 1049 1979 Rheae,
1083 1925 1224 1968 Jovis
1261 1929 1308 1968 et
1330 1924 1549 1982 Neptuni,
1573 1923 1774 1970 ‚lunonis
1809 1929 1858 1983 et
1879 1925 2120 1970 Minervae

347 1992 651 2042 intercidisse
668 2003 851 2054 putant,
864 2013 1061 2055 quorum
1082 1999 1138 2043 de
1160 2000 1445 2046 coniecturis
1456 2000 1568 2044 vide
1589 2000 1824 2045 editorum
1841 2005 2120 2058 apparatum

350 2071 582 2116 criticum.
649 2072 870 2118 Ceterum
902 2073 1045 2118 facile
1091 2074 1192 2119 fieri
1238 2075 1410 2131 potuit,
1455 2080 1506 2120 ut
1555 2091 1637 2121 sex
1683 2089 1866 2120 ararum
1913 2090 2120 2122 conexus

345 2146 487 2191 novis
522 2147 700 2192 additis
735 2149 1019 2206 templisque
1056 2155 1309 2195 exstructis
1343 2151 1635 2207 procedente
1682 2157 1896 2208 tempore
1940 2155 2120 2208 pertur-

346 2219 556 2272 baretur.
1363 2267 1384 2271 ..

475 2299 485 2302 ”
523 2296 579 2349 59)
615 2296 920 2354 Olympische
956 2299 1181 2355 Beitrage
1216 2300 1235 2344 I
1271 2299 1327 2343 A.
1362 2301 1404 2345 J.
1441 2301 1503 2344 IX
1539 2301 1652 2347 1894
1685 2315 1728 2358 p.
1763 2299 1834 2347 96.

359 2401 364 2404 -
389 2389 391 2391 ¹
441 2411 443 2415 ,
523 2371 579 2428 ⁶⁰)
616 2371 1020 2424 Quemadmodum
1044 2375 1306 2420 Pausanias
1329 2377 1529 2432 singulis
1552 2377 1598 2420 in
1619 2376 1946 2422 describendis
1963 2377 2120 2420 locum

346 2449 626 2506 respexerit,
649 2453 744 2493 non
764 2450 936 2507 liquetg
961 2450 1049 2494 hac
1074 2455 1230 2495 autem
1257 2452 1312 2495 de
1337 2467 1386 2496 re
1411 2452 1604 2497 dubium
1627 2466 1734 2498 esse
1756 2458 1850 2497 uon
1872 2457 2037 2512 potest
2059 2450 2119 2498 cf.

347 2524 388 2566 V
421 2526 490 2577 14,
523 2526 574 2568 9:
626 2531 699 2580 τῆς
732 2529 885 2568 ἐσόδου
918 2529 966 2568 δὲ
999 2533 1073 2581 τῆς
1100 2531 1149 2578 ,ἐς
1183 2531 1230 2570 το
1266 2531 1438 2570 στάδιον
1473 2532 1575 2570 εἰσιν
1609 2531 1827 2583 ἐγγύτατα
1859 2530 1991 2582 βωμοὶ
2024 2530 2116 2571 δυο·

349 2603 420 2641 τὸν
453 2603 527 2653 μὲν
562 2602 699 2642 αὐτῶν
723 2603 879 2654 Ἑρμοῦ
911 2604 1118 2644 καλοῦσιν
1144 2605 1420 2658 Ἐναγωνίου,
1456 2606 1527 2645 τὸν
1561 2606 1609 2646 δὲ
1641 2605 1786 2656 ἕτερον
1819 2604 1984 2656 Καιροῦ
2017 2604 2031 2644 .’
2063 2636 2072 2643 .
2108 2635 2116 2643 .

347 2673 388 2715 V
422 2674 490 2729 15,
523 2674 573 2717 5:
636 2678 679 2716 ἐν
714 2678 761 2717 δὲ
795 2680 876 2717 τῶν
909 2679 1047 2719 ἵππων
1083 2683 1132 2731 τῇ
1168 2680 1331 2730 ἀφέσει,
1357 2681 1400 2719 ἐν
1426 2681 1499 2731 μὲν
1524 2684 1581 2732 τῷ
1605 2678 1802 2731 ὑπαίθρῳ
1825 2682 1900 2731 τῆς
1923 2679 2118 2730 ἀφέσεως

346 2751 463 2790 κατὰ
497 2751 624 2802 μέσον
657 2764 738 2791 που
773 2752 959 2804 μάλιστα
991 2753 1261 2804 Ποσειδῶνος
1295 2754 1457 2794 Ἱππίου
1504 2756 1580 2794 καὶ
1628 2753 1766 2806 ’Ἠρας
1810 2754 1912 2794 εἰσιν
1955 2752 2119 2802 Ἱππίας

347 2825 494 2878 βωμοί,
529 2814 634 2878 πρὸς
657 2827 705 2867 δὲ
727 2831 785 2878 τῷ
807 2829 919 2867 κίονι
943 2829 1225 2880 Διοσκοῠρων.
1252 2833 1326 2881 τῆς
1349 2830 1396 2869 δὲ
1419 2830 1523 2880 πρὸς
1547 2830 1619 2869 τὸν
1643 2829 1824 2882 ἔμβολον
1847 2828 2117 2879 καλοὺμενον

347 2900 501 2940 ἐσόδου
536 2904 585 2953 τῇ
620 2902 694 2952 μὲν
729 2901 900 2953 Ἄρεως·
927 2902 1104 2952 Ἱππίου,
1141 2907 1191 2956 τῇ
1228 2905 1273 2943 δὲ
1304 2903 1498 2956 Ἀθηνᾶς
1522 2903 1687 2953 Ἱππίας
1711 2904 1862 2956 βωμός.
1898 2900 2117 2946 Mercurii

335 2975 396 3014 ‘et
429 2970 669 3029 Apollinis
705 2973 795 3016 viri
830 2973 963 3018 docti
998 2975 1301 3031 suspicantur
1333 2990 1427 3019 non
1459 2976 1602 3032 longe
1645 2974 1821 3019 afuisse
1857 2987 1880 3018 a
1915 2974 2118 3018 ,Iunonis

348 3044 626 3104 Olympicae
676 3060 771 3101 ara,
823 3048 955 3092 cuius
1005 3048 1311 3094 fundamenta
1361 3055 1469 3094 ante
1521 3050 1637 3096 deae
1688 3050 1927 3107 templum,
1973 3049 2118 3106 longe

346 3118 495 3174 igitur
526 3134 552 3163 a
584 3122 830 3176 palaestra
864 3132 1061 3178 remota,
1096 3123 1363 3180 Doerpfeld
1397 3128 1444 3168 et
1477 3124 1838 3181 Furtwaengler
1880 3123 2117 3180 reperisse

348 3193 439 3236 sibi
474 3194 698 3239 videntur
732 3195 782 3241 O.
807 3196 1057 3240 Textband
1092 3198 1112 3241 1
1144 3212 1188 3254 p.
1212 3199 1282 3254 83,
1306 3199 1349 3242 II
1371 3212 1416 3255 p.
1442 3199 1539 3253 163,
1565 3198 1629 3242 IV
1650 3213 1694 3256 p.
1717 3199 1745 3242 4
1768 3211 1872 3256 sqq.
1893 3197 2119 3254 W'eniger

346 3268 390 3312 J.
423 3268 469 3313 J.
494 3270 609 3315 1913
640 3283 685 3326 p.
708 3273 793 3316 241
829 3285 946 3328 sqq,
974 3285 1254 3329 quamquam
1289 3272 1378 3316 hac
1404 3273 1461 3316 de
1486 3287 1535 3317 re
1561 3272 1701 3317 aliter
1723 3272 1918 3327 iudioat,
1942 3275 2117 3319 tamen.

348 3343 475 3399 quod
509 3343 570 3388 ad
601 3343 799 3388 fratrum
832 3358 961 3389 aram
994 3346 1179 3401 attinet,
1206 3360 1306 3391 cum
1334 3347 1505 3390 ceteris
1531 3345 1772 3392 consentit
1796 3345 1910 3391 viris
1935 3344 2117 3389 doctis:

348 3421 458 3465 Klio
492 3419 556 3467 IX
589 3422 705 3468 1909
737 3434 781 3478 p.
816 3421 899 3467 291
934 3434 1036 3478 sqq.
