2274 4036
302 485 553 553 δύσμορον
581 481 633 532 in
675 484 962 552 δύσλοφον;
1005 482 1103 534 sed
1139 482 1182 534 si
1222 482 1341 534 loeo
1383 498 1544 549 supra
1583 482 1781 550 scripto
1822 485 2080 554 δύσλοφον

299 587 404 622 non
450 586 567 622 cum
596 586 728 623 voee
769 574 966 643 αὐχένα
1001 571 1098 624 sed
1127 589 1244 623 oum
1286 576 1440 644 ζυγὸν
1483 573 1865 641 (zoniungimus7
1909 573 2080 625 Theo-

302 659 478 726 gnidis
519 659 685 711 verba
727 676 887 712 sensu
929 677 1086 713 cassa
1126 667 1262 714 sunt.

898 897 954 969 b)
998 897 1118 950 adn.
1165 899 1268 950 153
1309 916 1361 967 p.
1407 898 1491 951 91.

476 1017 537 1069 In
578 1017 759 1085 hymni
799 1017 1042 1070 versibus
1082 1017 1189 1070 409
1219 1034 1335 1085 sqq.
1366 1018 1563 1087 Apollo
1603 1023 1846 1071 narratur
1884 1018 2080 1072 fecisse

299 1107 530 1174 vincula,
585 1107 777 1173 quibus
827 1107 997 1159 boves
1048 1112 1219 1159 utrum
1271 1108 1363 1160 ille
1415 1108 1674 1176 ligaturus
1724 1108 1790 1161 sit
1842 1125 1909 1160 an
1949 1108 2080 1160 Mer-

301 1197 515 1265 curium,
567 1196 665 1248 viri
707 1196 850 1249 docti
899 1196 1234 1249 dissentiunt.
1313 1198 1545 1251 Dubium
1595 1203 1773 1251 autem
1815 1213 1936 1250 esse
1974 1213 2081 1250 non

297 1291 490 1354 potest,
554 1286 678 1353 quin
739 1286 817 1338 illi
858 1285 1109 1339 Phoebus
1164 1287 1379 1340 vincula
1436 1288 1503 1341 sit
1554 1288 1860 1356 iniecturus,
1924 1304 2078 1355 quem

300 1374 754 1441 quacumque-de
797 1391 961 1428 eausa
1016 1376 1181 1429 timet.
1260 1377 1438 1430 Boves
1491 1376 1604 1430 fore
1652 1383 1708 1429 ut
1765 1377 2082 1444 aufugerent

300 1465 449 1516 illum
489 1481 738 1531 umquam
781 1464 1050 1532 cogitasse
1090 1482 1197 1518 non
1240 1465 1498 1534 audimus,
1549 1471 1734 1518 eontra
1772 1465 2078 1534 Merenrhm,

299 1555 403 1623 qui,
458 1555 711 1624 parvulus
752 1554 911 1607 modo
953 1560 1127 1624 natus⁷
1178 1561 1286 1608 tam
1328 1555 1585 1608 indomito
1626 1555 1815 1608 robore
1857 1561 1985 1623 erat,
2026 1562 2081 1608 ut

298 1644 430 1696 duas
476 1644 645 1697 boves
701 1650 889 1713 posset
935 1645 1249 1715 interficere,
1309 1645 1515 1699 Phoebi
1556 1651 1788 1698 mentem
1828 1646 1882 1699 in
1923 1635 2079 1699 veros

295 1735 520 1787 timores
562 1734 846 1802 redegerat
883 1753 933 1787 v.
976 1735 1112 1788 405:

525 1839 643 1903 Πῶς
684 1841 846 1892 ἐδύνω
887 1841 1150 1910 δολομῆτα
1190 1841 1294 1892 δύο)
1337 1841 1423 1910 βόε
1463 1842 1838 1911 δειροτομῆσαι,

519 1927 620 1982 ὧδε
661 1933 867 1999 νεογνὸς
909 1929 1008 1981 ἐὼν
1049 1931 1134 1981 καὶ
1177 1930 1381 1998 νήπιοςς
1423 1933 1574 1992 αὐτὸς
1616 1929 1718 2000 ἐγώ
1758 1949 1819 2000 γε

518 2019 789 2088 θαυμαίνω
833 2019 1124 2070 κατόπισθε
1158 2021 1214 2070 τὸ
1257 2021 1346 2072 σὸν
1386 2020 1589 2088 κράτος·
1634 2020 1752 2071 οὐδὲ
1793 2021 1837 2072 τί
1880 2038 1936 2071 σε
1977 2021 2077 2089 χρὴ

522 2112 718 2178 μακρὸν
760 2108 1009 2172 ἀέξεσθαι
1052 2107 1314 2178 Κυλλήνιε
1354 2109 1585 2172 Μαιάδος
1627 2110 1716 2162 υἱέ.

295 2211 498 2274 Quibus
555 2210 708 2263 dietis
774 2211 989 2263 vincula
1040 2211 1084 2263 si
1141 2211 1273 2264 deus
1332 2212 1514 2279 nectit,
1587 2211 1720 2264 haee
1777 2219 1919 2265 certe
1971 2229 2079 2264 non

298 2300 473 2352 bubus
515 2306 636 2352 sunt
691 2299 974 2352 destinata.
1056 2299 1112 2352 Si
1172 2300 1295 2353 illas
1354 2300 1598 2369 ligasset,
1659 2301 1776 2369 ipse
1837 2317 1930 2354 eas
1989 2301 2076 2354 ab-

296 2389 490 2442 ducere
518 2407 623 2440 non
652 2389 945 2458 potuisset3
986 2390 1275 2442 Mercurius
1305 2395 1482 2442 autem
1510 2391 1718 2443 vinetus
1758 2407 1933 2457 neque
1960 2391 2078 2459 ipse

299 2496 494 2546 magno
553 2479 776 2531 affectus
818 2484 899 2531 est
940 2478 1152 2550 damn-o,
1206 2496 1379 2546 neque
1421 2479 1635 2532 fratrem
1688 2479 1947 2548 impedire
1988 2496 2076 2548 po-

293 2569 407 2636 tuit⁷
452 2568 733 2635 quominus
773 2569 943 2621 boves
985 2568 1231 2622 auferret.
1287 2570 1601 2622 Mercurium
1641 2569 2077 2637 igitur‘Phoebus

294 2658 564 2710 vineturus
607 2664 687 2710 est
725 2676 775 2710 v.
817 2657 1055 2724 409155):

515 2760 613 2826 εὩς
654 2760 733 2832 ἄρ’
774 2766 890 2833 ἔφη,
934 2767 1020 2817 καὶ
1063 2767 1210 2834 χερσὶ
1253 2765 1557 2835 περίστρεφε
1598 2767 1820 2834 καρτερὰ
1860 2765 2025 2834 δεσμὰ

517 2856 692 2923 ἄγνου·
732 2855 813 2905 ταὶ
855 2849 899 2904 δ’
928 2854 1026 2905 ὑπὸ
1067 2851 1399 2906 ποσσίοιατά
1440 2856 1633 2924 χθονὸς
1675 2852 1803 2922 αἶψα
1844 2855 2030 2922 φύοντο

473 3013 547 3067 155)
583 3014 739 3058 Aliter
789 3014 971 3058 iudicat
1017 3014 1260 3058 Robertus
1294 3014 1348 3057 H.
1385 3015 1500 3062 1906
1540 3029 1585 3070 p.
1617 3015 1705 3060 412
1751 3014 2076 3070 Matthiaeum‚

293 3089 622 3144 Hermannum,
678 3089 801 3132 alios
850 3092 1056 3132 secutus.
1133 3094 1385 3153 περίστρεφε
1430 3087 1757 3144 imperfectum
1801 3088 1858 3132 de
1902 3092 2074 3133 conatu

296 3177 401 3206 esse
447 3167 564 3219 puto
601 3167 648 3206 et
694 3177 796 3206 oum
829 3167 964 3218 χερσί,
1011 3163 1177 3207 dativo
1222 3177 1314 3206 non
1359 3162 1723 3218 instrumentali,
1773 3162 2072 3207 coniunctum

294 3237 589 3293 significare:
622 3236 838 3280 manibus
861 3236 1024 3280 fratris
1050 3237 1311 3281 iniecturus
1336 3241 1452 3292 erat,
1487 3237 1660 3281 circum
1684 3250 1848 3279 manus
1871 3235 2075 3280 flexurus

295 3317 398 3356 erat
432 3313 547 3356 dura
579 3313 786 3356 vincula.
819 3313 934 3356 Nam
972 3327 1053 3356 eur
1084 3317 1230 3369 poeta
1265 3313 1444 3356 diserte
1479 3311 1665 3355 diceret
1696 3310 1913 3355 manibus
1937 3311 2073 3355 deum

293 3386 485 3429 vincula
519 3386 743 3430 flexisse?
809 3386 910 3438 Quo
946 3387 1041 3430 alio
1087 3387 1237 3431 modo.
1266 3387 1345 3430 ille
1381 3400 1435 3430 ea
1479 3385 1696 3430 faceret?
1760 3385 1964 3429 Dativus
2010 3385 2075 3428 in-

295 3460 619 3503 strumentalis
652 3461 791 3516 plane
828 3473 1156 3517 supervaneus
1192 3464 1277 3503 est.
