<?xml version="1.0" encoding="UTF-8"?>
<!DOCTYPE html PUBLIC "-//W3C//DTD XHTML 1.0 Transitional//EN"
    "http://www.w3.org/TR/xhtml1/DTD/xhtml1-transitional.dtd">
<html xmlns="http://www.w3.org/1999/xhtml" xml:lang="en" lang="en">
 <head>
  <title>
</title>
<meta http-equiv="Content-Type" content="text/html;charset=utf-8" />
  <meta name='ocr-system' content='tesseract 3.04.00' />
  <meta name='ocr-capabilities' content='ocr_page ocr_carea ocr_par ocr_line ocrx_word'/>
</head>
<body>
  <div class='ocr_page' id='page_1' title='image "./quaeratiointerce00koetuoft_0047.png"; bbox 0 0 2274 4036; ppageno 0'>
   <div class='ocr_carea' id='block_1_1' title="bbox 798 274 1125 327">
    <p class='ocr_par' dir='ltr' id='par_1_1' title="bbox 798 274 1125 327">
     <span class='ocr_line' id='line_1_1' title="bbox 798 274 1125 327; baseline 0 0"><span class='ocrx_word' id='word_1_1' title='bbox 798 274 1125 327; x_wconf 44' lang='lat'><strong>&#39;-37-</strong></span> 
     </span>
    </p>
   </div>
   <div class='ocr_carea' id='block_1_2' title="bbox 11 450 1894 2573">
    <p class='ocr_par' dir='ltr' id='par_1_2' title="bbox 80 450 1894 1321">
     <span class='ocr_line' id='line_1_2' title="bbox 87 450 1894 520; baseline 0.004 -17"><span class='ocrx_word' id='word_1_2' title='bbox 87 451 249 504; x_wconf 63' lang='lat' dir='ltr'>auch«</span> <span class='ocrx_word' id='word_1_3' title='bbox 276 467 382 503; x_wconf 83' lang='lat' dir='ltr'>von</span> <span class='ocrx_word' id='word_1_4' title='bbox 422 450 626 504; x_wconf 91' lang='lat' dir='ltr'>Versen</span> <span class='ocrx_word' id='word_1_5' title='bbox 680 450 777 504; x_wconf 86' lang='lat' dir='ltr'>des</span> <span class='ocrx_word' id='word_1_6' title='bbox 817 451 964 505; x_wconf 80' lang='lat' dir='ltr'>alten</span> <span class='ocrx_word' id='word_1_7' title='bbox 1002 452 1274 520; x_wconf 83' lang='lat' dir='ltr'>Hymnos:</span> <span class='ocrx_word' id='word_1_8' title='bbox 1318 452 1422 507; x_wconf 72' lang='lat'>5271</span> <span class='ocrx_word' id='word_1_9' title='bbox 1466 452 1501 505; x_wconf 80' lang='lat' dir='ltr'>f.</span> <span class='ocrx_word' id='word_1_10' title='bbox 1526 456 1703 508; x_wconf 78' lang='grc' dir='ltr'>παῖδα</span> <span class='ocrx_word' id='word_1_11' title='bbox 1744 456 1894 510; x_wconf 83' lang='grc' dir='ltr'>νέον·</span> 
     </span>
     <span class='ocr_line' id='line_1_3' title="bbox 85 540 1860 614; baseline 0.001 -20"><span class='ocrx_word' id='word_1_12' title='bbox 85 549 326 612; x_wconf 78' lang='grc' dir='ltr'><strong>γεγαῶτα</strong></span> <span class='ocrx_word' id='word_1_13' title='bbox 367 542 458 594; x_wconf 69' lang='grc' dir='ltr'>διὰ,</span> <span class='ocrx_word' id='word_1_14' title='bbox 490 544 774 613; x_wconf 74' lang='grc' dir='ltr'>προθύροιο</span> <span class='ocrx_word' id='word_1_15' title='bbox 815 552 1036 613; x_wconf 81' lang='grc' dir='ltr'>περῆσαι</span> <span class='ocrx_word' id='word_1_16' title='bbox 1076 543 1219 613; x_wconf 79' lang='grc' dir='ltr'>βουσί</span> <span class='ocrx_word' id='word_1_17' title='bbox 1263 540 1368 613; x_wconf 79' lang='grc' dir='ltr'>μετ’</span> <span class='ocrx_word' id='word_1_18' title='bbox 1421 545 1722 614; x_wconf 76' lang='grc' dir='ltr'>ἀγραύλοισι</span> <span class='ocrx_word' id='word_1_19' title='bbox 1766 543 1860 596; x_wconf 87' lang='lat' dir='ltr'>der</span> 
     </span>
     <span class='ocr_line' id='line_1_4' title="bbox 85 628 1857 703; baseline 0.004 -23"><span class='ocrx_word' id='word_1_20' title='bbox 85 628 201 681; x_wconf 58' lang='lat' dir='ltr'>alte*</span> <span class='ocrx_word' id='word_1_21' title='bbox 219 629 462 698; x_wconf 78' lang='lat' dir='ltr'>Hymnos</span> <span class='ocrx_word' id='word_1_22' title='bbox 488 629 828 698; x_wconf 83' lang='lat' dir='ltr'>vortrefflich,</span> <span class='ocrx_word' id='word_1_23' title='bbox 855 632 1110 702; x_wconf 73' lang='grc' dir='ltr'>Λητοίδου</span> <span class='ocrx_word' id='word_1_24' title='bbox 1137 633 1235 684; x_wconf 81' lang='grc' dir='ltr'>ὑπὸ</span> <span class='ocrx_word' id='word_1_25' title='bbox 1263 636 1409 703; x_wconf 78' lang='grc' dir='ltr'>χερσὶ</span> <span class='ocrx_word' id='word_1_26' title='bbox 1438 634 1549 685; x_wconf 81' lang='grc' dir='ltr'>διὲκ</span> <span class='ocrx_word' id='word_1_27' title='bbox 1576 635 1857 703; x_wconf 83' lang='grc' dir='ltr'>προθύροιο</span> 
     </span>
     <span class='ocr_line' id='line_1_5' title="bbox 82 708 1860 790; baseline -0.001 -16"><span class='ocrx_word' id='word_1_28' title='bbox 82 721 322 790; x_wconf 80' lang='grc' dir='ltr'>περήσειν</span> <span class='ocrx_word' id='word_1_29' title='bbox 361 718 600 786; x_wconf 83' lang='lat' dir='ltr'>weniger</span> <span class='ocrx_word' id='word_1_30' title='bbox 639 725 731 787; x_wconf 87' lang='lat' dir='ltr'>gut</span> <span class='ocrx_word' id='word_1_31' title='bbox 771 718 880 772; x_wconf 84' lang='lat' dir='ltr'>der·</span> <span class='ocrx_word' id='word_1_32' title='bbox 905 724 1058 772; x_wconf 83' lang='lat' dir='ltr'>erste-</span> <span class='ocrx_word' id='word_1_33' title='bbox 1082 719 1399 772; x_wconf 85' lang='lat' dir='ltr'>Erweiterer</span> <span class='ocrx_word' id='word_1_34' title='bbox 1441 708 1597 775; x_wconf 70' lang='lat'>158.“</span> <span class='ocrx_word' id='word_1_35' title='bbox 1664 720 1860 774; x_wconf 81' lang='lat' dir='ltr'>Nostra</span> 
     </span>
     <span class='ocr_line' id='line_1_6' title="bbox 83 805 1858 877; baseline 0.002 -20"><span class='ocrx_word' id='word_1_36' title='bbox 83 805 364 860; x_wconf 77' lang='lat' dir='ltr'>admiratio</span> <span class='ocrx_word' id='word_1_37' title='bbox 455 812 695 874; x_wconf 67' lang='lat' dir='ltr'>augetur,</span> <span class='ocrx_word' id='word_1_38' title='bbox 778 822 902 861; x_wconf 82' lang='lat' dir='ltr'>cum</span> <span class='ocrx_word' id='word_1_39' title='bbox 985 807 1342 876; x_wconf 78' lang='lat' dir='ltr'>percipiamus</span> <span class='ocrx_word' id='word_1_40' title='bbox 1425 808 1858 877; x_wconf 83' lang='lat' dir='ltr'>interpolatorem</span> 
     </span>
     <span class='ocr_line' id='line_1_7' title="bbox 83 894 1857 966; baseline 0.002 -19"><span class='ocrx_word' id='word_1_41' title='bbox 83 894 301 948; x_wconf 77' lang='lat' dir='ltr'>domum</span> <span class='ocrx_word' id='word_1_42' title='bbox 346 911 639 964; x_wconf 82' lang='lat' dir='ltr'>pauperem</span> <span class='ocrx_word' id='word_1_43' title='bbox 693 897 1027 965; x_wconf 68' lang='lat' dir='ltr'>pauperioris</span> <span class='ocrx_word' id='word_1_44' title='bbox 1085 896 1154 949; x_wconf 86' lang='lat' dir='ltr'>ad</span> <span class='ocrx_word' id='word_1_45' title='bbox 1207 897 1510 965; x_wconf 81' lang='lat' dir='ltr'>exemplum</span> <span class='ocrx_word' id='word_1_46' title='bbox 1564 898 1857 966; x_wconf 88' lang='lat' dir='ltr'>speluncae</span> 
     </span>
     <span class='ocr_line' id='line_1_8' title="bbox 82 984 1858 1059; baseline 0.001 -22"><span class='ocrx_word' id='word_1_47' title='bbox 82 984 332 1054; x_wconf 88' lang='lat' dir='ltr'>prothyro</span> <span class='ocrx_word' id='word_1_48' title='bbox 393 1002 699 1039; x_wconf 81' lang='lat' dir='ltr'>exornasse.</span> <span class='ocrx_word' id='word_1_49' title='bbox 781 985 1046 1050; x_wconf 83' lang='lat' dir='ltr'>Quidnam</span> <span class='ocrx_word' id='word_1_50' title='bbox 1101 985 1203 1038; x_wconf 90' lang='lat' dir='ltr'>hoc</span> <span class='ocrx_word' id='word_1_51' title='bbox 1243 991 1507 1059; x_wconf 76' lang='grc' dir='ltr'>πρόθυρον</span> <span class='ocrx_word' id='word_1_52' title='bbox 1558 987 1678 1039; x_wconf 83' lang='lat' dir='ltr'>est‘?</span> <span class='ocrx_word' id='word_1_53' title='bbox 1725 988 1858 1057; x_wconf 86' lang='lat' dir='ltr'>„Ein</span> 
     </span>
     <span class='ocr_line' id='line_1_9' title="bbox 80 1071 1852 1146; baseline 0.002 -20"><span class='ocrx_word' id='word_1_54' title='bbox 80 1074 387 1143; x_wconf 82' lang='lat' dir='ltr'>Vorraum,“</span> <span class='ocrx_word' id='word_1_55' title='bbox 419 1075 588 1142; x_wconf 85' lang='lat' dir='ltr'>inquit</span> <span class='ocrx_word' id='word_1_56' title='bbox 614 1071 892 1143; x_wconf 74' lang='lat' dir='ltr'>Rob&#39;ertus,</span> <span class='ocrx_word' id='word_1_57' title='bbox 927 1076 1095 1146; x_wconf 83' lang='lat' dir='ltr'>„sicut</span> <span class='ocrx_word' id='word_1_58' title='bbox 1135 1080 1258 1140; x_wconf 83' lang='lat' dir='ltr'>ante</span> <span class='ocrx_word' id='word_1_59' title='bbox 1288 1075 1542 1144; x_wconf 86' lang='lat' dir='ltr'>Cyclopis</span> <span class='ocrx_word' id='word_1_60' title='bbox 1584 1075 1852 1144; x_wconf 79' lang='lat' dir='ltr'>antrum3“</span> 
     </span>
     <span class='ocr_line' id='line_1_10' title="bbox 81 1162 1856 1234; baseline 0.001 -19"><span class='ocrx_word' id='word_1_61' title='bbox 81 1162 295 1216; x_wconf 87' lang='lat' dir='ltr'>cohorte</span> <span class='ocrx_word' id='word_1_62' title='bbox 325 1168 517 1233; x_wconf 88' lang='lat' dir='ltr'>autem,</span> <span class='ocrx_word' id='word_1_63' title='bbox 548 1180 654 1231; x_wconf 86' lang='lat' dir='ltr'>qua</span> <span class='ocrx_word' id='word_1_64' title='bbox 680 1181 747 1217; x_wconf 90' lang='lat' dir='ltr'>ne</span> <span class='ocrx_word' id='word_1_65' title='bbox 769 1163 1132 1234; x_wconf 83' lang='lat' dir='ltr'>Polyphemus</span> <span class='ocrx_word' id='word_1_66' title='bbox 1162 1164 1375 1232; x_wconf 80' lang='lat' dir='ltr'>quidem</span> <span class='ocrx_word' id='word_1_67' title='bbox 1405 1165 1638 1233; x_wconf 86' lang='lat' dir='ltr'>carebat,</span> <span class='ocrx_word' id='word_1_68' title='bbox 1661 1165 1856 1217; x_wconf 88' lang='lat' dir='ltr'>Maiam</span> 
     </span>
     <span class='ocr_line' id='line_1_11' title="bbox 81 1252 773 1321; baseline 0.003 -17"><span class='ocrx_word' id='word_1_69' title='bbox 81 1257 132 1305; x_wconf 89' lang='lat' dir='ltr'>et</span> <span class='ocrx_word' id='word_1_70' title='bbox 170 1252 486 1305; x_wconf 81' lang='lat' dir='ltr'>Mercurium</span> <span class='ocrx_word' id='word_1_71' title='bbox 526 1253 773 1321; x_wconf 78' lang='lat' dir='ltr'>privavit.</span> 
     </span>
    </p>

    <p class='ocr_par' dir='ltr' id='par_1_3' title="bbox 11 1341 1855 1576">
     <span class='ocr_line' id='line_1_12' title="bbox 255 1341 1855 1411; baseline 0.001 -17"><span class='ocrx_word' id='word_1_72' title='bbox 255 1341 549 1394; x_wconf 85' lang='lat' dir='ltr'>Audiamus</span> <span class='ocrx_word' id='word_1_73' title='bbox 588 1342 745 1410; x_wconf 83' lang='lat' dir='ltr'>igitur</span> <span class='ocrx_word' id='word_1_74' title='bbox 784 1343 945 1411; x_wconf 86' lang='lat' dir='ltr'>prisci</span> <span class='ocrx_word' id='word_1_75' title='bbox 986 1343 1234 1396; x_wconf 77' lang='lat' dir='ltr'>carminis</span> <span class='ocrx_word' id='word_1_76' title='bbox 1274 1343 1584 1396; x_wconf 89' lang='lat' dir='ltr'>Robertiani</span> <span class='ocrx_word' id='word_1_77' title='bbox 1631 1343 1855 1411; x_wconf 82' lang='lat' dir='ltr'>primam</span> 
     </span>
     <span class='ocr_line' id='line_1_13' title="bbox 11 1425 1855 1504; baseline 0.001 -22"><span class='ocrx_word' id='word_1_78' title='bbox 11 1499 16 1504; x_wconf 22' lang='grc' dir='ltr'><strong><em>Ι</em></strong></span> <span class='ocrx_word' id='word_1_79' title='bbox 78 1443 371 1498; x_wconf 49' lang='lat' dir='ltr'>persenam&lt;</span> <span class='ocrx_word' id='word_1_80' title='bbox 405 1431 595 1499; x_wconf 82' lang='lat' dir='ltr'>ipsam.</span> <span class='ocrx_word' id='word_1_81' title='bbox 676 1431 756 1483; x_wconf 93' lang='lat' dir='ltr'>Ab</span> <span class='ocrx_word' id='word_1_82' title='bbox 797 1431 1050 1500; x_wconf 84' lang='lat' dir='ltr'>Apolline</span> <span class='ocrx_word' id='word_1_83' title='bbox 1112 1432 1234 1484; x_wconf 80' lang='lat' dir='ltr'>furti</span> <span class='ocrx_word' id='word_1_84' title='bbox 1276 1425 1560 1485; x_wconf 86' lang='lat' dir='ltr'>accusatus</span> <span class='ocrx_word' id='word_1_85' title='bbox 1601 1431 1734 1484; x_wconf 87' lang='lat' dir='ltr'>deus</span> <span class='ocrx_word' id='word_1_86' title='bbox 1774 1431 1855 1484; x_wconf 81' lang='lat' dir='ltr'>his</span> 
     </span>
     <span class='ocr_line' id='line_1_14' title="bbox 77 1519 889 1576; baseline 0.002 -5"><span class='ocrx_word' id='word_1_87' title='bbox 77 1519 254 1571; x_wconf 80' lang='lat' dir='ltr'>verbis</span> <span class='ocrx_word' id='word_1_88' title='bbox 294 1536 352 1573; x_wconf 86' lang='lat' dir='ltr'>se</span> <span class='ocrx_word' id='word_1_89' title='bbox 395 1519 637 1573; x_wconf 81' lang='lat' dir='ltr'>defendit</span> <span class='ocrx_word' id='word_1_90' title='bbox 677 1538 723 1573; x_wconf 81' lang='lat' dir='ltr'>V.</span> <span class='ocrx_word' id='word_1_91' title='bbox 753 1520 889 1576; x_wconf 77' lang='lat'>269:</span> 
     </span>
    </p>

    <p class='ocr_par' dir='ltr' id='par_1_4' title="bbox 264 1612 1716 1684">
     <span class='ocr_line' id='line_1_15' title="bbox 264 1612 1716 1684; baseline 0.001 -20"><span class='ocrx_word' id='word_1_92' title='bbox 264 1612 332 1681; x_wconf 81' lang='grc' dir='ltr'>μή</span> <span class='ocrx_word' id='word_1_93' title='bbox 371 1631 445 1674; x_wconf 88' lang='grc' dir='ltr'>τις</span> <span class='ocrx_word' id='word_1_94' title='bbox 485 1621 633 1664; x_wconf 80' lang='grc' dir='ltr'>τοῦτο</span> <span class='ocrx_word' id='word_1_95' title='bbox 674 1613 892 1665; x_wconf 87' lang='grc' dir='ltr'>πύθοιτο</span> <span class='ocrx_word' id='word_1_96' title='bbox 933 1613 1098 1666; x_wconf 79' lang='grc' dir='ltr'>πόθεν</span> <span class='ocrx_word' id='word_1_97' title='bbox 1137 1613 1253 1665; x_wconf 75' lang='grc' dir='ltr'>τοδε</span> <span class='ocrx_word' id='word_1_98' title='bbox 1295 1621 1459 1675; x_wconf 82' lang='grc' dir='ltr'>νεῖκος</span> <span class='ocrx_word' id='word_1_99' title='bbox 1500 1613 1716 1684; x_wconf 79' lang='grc' dir='ltr'>ἐτύχθη·</span> 
     </span>
    </p>

    <p class='ocr_par' dir='ltr' id='par_1_5' title="bbox 260 1698 1706 1772">
     <span class='ocr_line' id='line_1_16' title="bbox 260 1698 1706 1772; baseline 0 -18"><span class='ocrx_word' id='word_1_100' title='bbox 260 1703 349 1754; x_wconf 83' lang='grc' dir='ltr'>καί</span> <span class='ocrx_word' id='word_1_101' title='bbox 388 1720 478 1755; x_wconf 80' lang='grc' dir='ltr'>κεν</span> <span class='ocrx_word' id='word_1_102' title='bbox 518 1703 581 1771; x_wconf 80' lang='grc' dir='ltr'>δὴ</span> <span class='ocrx_word' id='word_1_103' title='bbox 624 1702 755 1772; x_wconf 78' lang='grc' dir='ltr'>μέγα</span> <span class='ocrx_word' id='word_1_104' title='bbox 794 1704 974 1772; x_wconf 79' lang='grc' dir='ltr'>θαῦμα</span> <span class='ocrx_word' id='word_1_105' title='bbox 1015 1698 1121 1771; x_wconf 77' lang='grc' dir='ltr'>μετ’</span> <span class='ocrx_word' id='word_1_106' title='bbox 1162 1703 1467 1756; x_wconf 71' lang='grc' dir='ltr'>ἀθανάτοισι</span> <span class='ocrx_word' id='word_1_107' title='bbox 1508 1703 1706 1772; x_wconf 84' lang='grc' dir='ltr'>γένοιτο</span> 
     </span>
    </p>

    <p class='ocr_par' dir='ltr' id='par_1_6' title="bbox 260 1791 1561 1862">
     <span class='ocr_line' id='line_1_17' title="bbox 260 1791 1561 1862; baseline 0.002 -20"><span class='ocrx_word' id='word_1_108' title='bbox 260 1791 435 1843; x_wconf 82' lang='grc' dir='ltr'>παῖδα</span> <span class='ocrx_word' id='word_1_109' title='bbox 462 1792 593 1845; x_wconf 44' lang='grc' dir='ltr'>νέονι</span> <span class='ocrx_word' id='word_1_110' title='bbox 614 1799 854 1861; x_wconf 82' lang='grc' dir='ltr'>γεγαῶτα</span> <span class='ocrx_word' id='word_1_111' title='bbox 895 1793 979 1844; x_wconf 82' lang='grc' dir='ltr'>διὰ</span> <span class='ocrx_word' id='word_1_112' title='bbox 999 1826 1001 1828; x_wconf 58' lang='lat'>&gt;</span> <span class='ocrx_word' id='word_1_113' title='bbox 1018 1794 1321 1861; x_wconf 86' lang='grc' dir='ltr'>προθύροιο</span> <span class='ocrx_word' id='word_1_114' title='bbox 1344 1802 1561 1862; x_wconf 83' lang='grc' dir='ltr'>περῆσαι</span> 
     </span>
    </p>

    <p class='ocr_par' dir='ltr' id='par_1_7' title="bbox 31 1876 1855 2573">
     <span class='ocr_line' id='line_1_18' title="bbox 261 1876 1722 1950; baseline 0.001 -19"><span class='ocrx_word' id='word_1_115' title='bbox 261 1879 404 1949; x_wconf 76' lang='grc' dir='ltr'>βουσὶ</span> <span class='ocrx_word' id='word_1_116' title='bbox 447 1876 553 1949; x_wconf 79' lang='grc' dir='ltr'>μετ’</span> <span class='ocrx_word' id='word_1_117' title='bbox 593 1881 928 1949; x_wconf 84' lang='grc' dir='ltr'>ἀγραύλοισι·“</span> <span class='ocrx_word' id='word_1_118' title='bbox 953 1883 1011 1933; x_wconf 79' lang='grc' dir='ltr'>τὸ</span> <span class='ocrx_word' id='word_1_119' title='bbox 1052 1876 1097 1932; x_wconf 77' lang='grc' dir='ltr'>δ’</span> <span class='ocrx_word' id='word_1_120' title='bbox 1137 1881 1405 1950; x_wconf 75' lang='grc' dir='ltr'>ἀπρεπέως</span> <span class='ocrx_word' id='word_1_121' title='bbox 1445 1883 1722 1950; x_wconf 77' lang='grc' dir='ltr'>ἀγορεύεις.</span> 
     </span>
     <span class='ocr_line' id='line_1_19' title="bbox 31 1963 1855 2038; baseline 0.002 -21"><span class='ocrx_word' id='word_1_122' title='bbox 31 1972 34 1975; x_wconf 77' lang='grc'><strong><em>’</em></strong></span> <span class='ocrx_word' id='word_1_123' title='bbox 79 1963 202 2029; x_wconf 76' lang='lat' dir='ltr'>Quo</span> <span class='ocrx_word' id='word_1_124' title='bbox 233 1965 353 2018; x_wconf 81' lang='lat' dir='ltr'>loco</span> <span class='ocrx_word' id='word_1_125' title='bbox 378 1970 655 2038; x_wconf 76' lang='grc' dir='ltr'>πρόθυρον</span> <span class='ocrx_word' id='word_1_126' title='bbox 697 1972 838 2019; x_wconf 87' lang='lat' dir='ltr'>certe</span> <span class='ocrx_word' id='word_1_127' title='bbox 878 1983 986 2020; x_wconf 90' lang='lat' dir='ltr'>non</span> <span class='ocrx_word' id='word_1_128' title='bbox 1027 1967 1256 2036; x_wconf 80' lang='lat' dir='ltr'>spatium</span> <span class='ocrx_word' id='word_1_129' title='bbox 1298 1983 1525 2021; x_wconf 86' lang='lat' dir='ltr'>vacuum</span> <span class='ocrx_word' id='word_1_130' title='bbox 1576 1985 1713 2037; x_wconf 89' lang='lat' dir='ltr'>esse,</span> <span class='ocrx_word' id='word_1_131' title='bbox 1759 1968 1855 2022; x_wconf 88' lang='lat' dir='ltr'>sed</span> 
     </span>
     <span class='ocr_line' id='line_1_20' title="bbox 76 2053 1855 2124; baseline 0.001 -16"><span class='ocrx_word' id='word_1_132' title='bbox 76 2053 294 2124; x_wconf 85' lang='lat' dir='ltr'>aliquid,</span> <span class='ocrx_word' id='word_1_133' title='bbox 325 2054 467 2122; x_wconf 89' lang='lat' dir='ltr'>quod</span> <span class='ocrx_word' id='word_1_134' title='bbox 492 2055 770 2124; x_wconf 88' lang='lat' dir='ltr'>infantem,</span> <span class='ocrx_word' id='word_1_135' title='bbox 795 2072 950 2123; x_wconf 90' lang='lat' dir='ltr'>quem</span> <span class='ocrx_word' id='word_1_136' title='bbox 973 2057 1027 2109; x_wconf 91' lang='lat' dir='ltr'>in</span> <span class='ocrx_word' id='word_1_137' title='bbox 1048 2057 1383 2110; x_wconf 83' lang='lat' dir='ltr'>interioribus</span> <span class='ocrx_word' id='word_1_138' title='bbox 1406 2057 1631 2110; x_wconf 87' lang='lat' dir='ltr'>aedibus</span> <span class='ocrx_word' id='word_1_139' title='bbox 1652 2059 1855 2111; x_wconf 79' lang='lat' dir='ltr'>versari</span> 
     </span>
     <span class='ocr_line' id='line_1_21' title="bbox 77 2143 1853 2217; baseline 0.002 -21"><span class='ocrx_word' id='word_1_140' title='bbox 77 2143 248 2213; x_wconf 88' lang='lat' dir='ltr'>decet,</span> <span class='ocrx_word' id='word_1_141' title='bbox 290 2161 323 2196; x_wconf 87' lang='lat' dir='ltr'>a</span> <span class='ocrx_word' id='word_1_142' title='bbox 362 2143 577 2213; x_wconf 87' lang='lat' dir='ltr'>publico</span> <span class='ocrx_word' id='word_1_143' title='bbox 618 2144 850 2212; x_wconf 89' lang='lat' dir='ltr'>quodam</span> <span class='ocrx_word' id='word_1_144' title='bbox 891 2146 1049 2199; x_wconf 90' lang='lat' dir='ltr'>modo</span> <span class='ocrx_word' id='word_1_145' title='bbox 1091 2152 1352 2216; x_wconf 81' lang='lat' dir='ltr'>secernat,</span> <span class='ocrx_word' id='word_1_146' title='bbox 1382 2164 1540 2200; x_wconf 87' lang='lat' dir='ltr'>nemo</span> <span class='ocrx_word' id='word_1_147' title='bbox 1582 2153 1678 2217; x_wconf 88' lang='lat' dir='ltr'>est,</span> <span class='ocrx_word' id='word_1_148' title='bbox 1721 2147 1853 2214; x_wconf 87' lang='lat' dir='ltr'>quin</span> 
     </span>
     <span class='ocr_line' id='line_1_22' title="bbox 76 2232 1852 2306; baseline 0.002 -20"><span class='ocrx_word' id='word_1_149' title='bbox 76 2232 282 2286; x_wconf 61' lang='lat' dir='ltr'>videat</span> <span class='ocrx_word' id='word_1_150' title='bbox 353 2233 508 2296; x_wconf 79' lang='lat' dir='ltr'>Quod</span> <span class='ocrx_word' id='word_1_151' title='bbox 566 2251 683 2287; x_wconf 91' lang='lat' dir='ltr'>cum</span> <span class='ocrx_word' id='word_1_152' title='bbox 743 2241 947 2289; x_wconf 86' lang='lat' dir='ltr'>antrum</span> <span class='ocrx_word' id='word_1_153' title='bbox 1006 2252 1102 2305; x_wconf 87' lang='lat' dir='ltr'>per</span> <span class='ocrx_word' id='word_1_154' title='bbox 1160 2252 1221 2289; x_wconf 88' lang='lat' dir='ltr'>se</span> <span class='ocrx_word' id='word_1_155' title='bbox 1276 2253 1382 2288; x_wconf 91' lang='lat' dir='ltr'>non</span> <span class='ocrx_word' id='word_1_156' title='bbox 1441 2235 1680 2306; x_wconf 88' lang='lat' dir='ltr'>haberet,</span> <span class='ocrx_word' id='word_1_157' title='bbox 1739 2243 1852 2289; x_wconf 88' lang='lat' dir='ltr'>arte</span> 
     </span>
     <span class='ocr_line' id='line_1_23' title="bbox 72 2303 1851 2395; baseline 0.002 -20"><span class='ocrx_word' id='word_1_158' title='bbox 72 2303 407 2376; x_wconf 63' lang='lat' dir='ltr'>exstructum·</span> <span class='ocrx_word' id='word_1_159' title='bbox 437 2330 489 2376; x_wconf 92' lang='lat' dir='ltr'>et</span> <span class='ocrx_word' id='word_1_160' title='bbox 528 2341 560 2376; x_wconf 90' lang='lat' dir='ltr'>a</span> <span class='ocrx_word' id='word_1_161' title='bbox 611 2323 777 2377; x_wconf 86' lang='lat' dir='ltr'>fabris</span> <span class='ocrx_word' id='word_1_162' title='bbox 833 2325 1169 2378; x_wconf 87' lang='lat' dir='ltr'>aedificatum</span> <span class='ocrx_word' id='word_1_163' title='bbox 1218 2341 1338 2378; x_wconf 85' lang='lat' dir='ltr'>esse</span> <span class='ocrx_word' id='word_1_164' title='bbox 1377 2326 1430 2378; x_wconf 90' lang='lat' dir='ltr'>in</span> <span class='ocrx_word' id='word_1_165' title='bbox 1470 2331 1716 2395; x_wconf 89' lang='lat' dir='ltr'>promptu</span> <span class='ocrx_word' id='word_1_166' title='bbox 1756 2331 1851 2379; x_wconf 88' lang='lat' dir='ltr'>est.</span> 
     </span>
     <span class='ocr_line' id='line_1_24' title="bbox 75 2411 1851 2483; baseline 0.001 -17"><span class='ocrx_word' id='word_1_167' title='bbox 75 2411 160 2467; x_wconf 79' lang='lat' dir='ltr'>Ne</span> <span class='ocrx_word' id='word_1_168' title='bbox 175 2412 236 2464; x_wconf 88' lang='lat' dir='ltr'>in</span> <span class='ocrx_word' id='word_1_169' title='bbox 262 2426 318 2465; x_wconf 91' lang='lat' dir='ltr'>re</span> <span class='ocrx_word' id='word_1_170' title='bbox 348 2412 480 2465; x_wconf 76' lang='lat' dir='ltr'>satis</span> <span class='ocrx_word' id='word_1_171' title='bbox 508 2417 652 2465; x_wconf 82' lang='lat' dir='ltr'>certa</span> <span class='ocrx_word' id='word_1_172' title='bbox 680 2412 843 2481; x_wconf 86' lang='lat' dir='ltr'>longa</span> <span class='ocrx_word' id='word_1_173' title='bbox 871 2414 987 2482; x_wconf 87' lang='lat' dir='ltr'>sim,</span> <span class='ocrx_word' id='word_1_174' title='bbox 1018 2430 1084 2467; x_wconf 84' lang='lat' dir='ltr'>ex</span> <span class='ocrx_word' id='word_1_175' title='bbox 1114 2429 1216 2482; x_wconf 87' lang='lat' dir='ltr'>quo</span> <span class='ocrx_word' id='word_1_176' title='bbox 1244 2420 1484 2483; x_wconf 90' lang='lat' dir='ltr'>tempore</span> <span class='ocrx_word' id='word_1_177' title='bbox 1514 2415 1851 2482; x_wconf 86' lang='lat' dir='ltr'>antiquorum</span> 
     </span>
     <span class='ocr_line' id='line_1_25' title="bbox 75 2490 1854 2573; baseline 0.002 -19"><span class='ocrx_word' id='word_1_178' title='bbox 75 2501 259 2554; x_wconf 87' lang='lat' dir='ltr'>ruinae</span> <span class='ocrx_word' id='word_1_179' title='bbox 339 2501 699 2555; x_wconf 88' lang='lat' dir='ltr'>aedificiorum</span> <span class='ocrx_word' id='word_1_180' title='bbox 765 2502 1037 2572; x_wconf 84' lang='lat' dir='ltr'>Tirynthe,</span> <span class='ocrx_word' id='word_1_181' title='bbox 1103 2490 1360 2573; x_wconf 80' lang='lat' dir='ltr'>MyceniS,</span> <span class='ocrx_word' id='word_1_182' title='bbox 1429 2504 1653 2573; x_wconf 85' lang='lat' dir='ltr'>Troiae,</span> <span class='ocrx_word' id='word_1_183' title='bbox 1725 2505 1854 2557; x_wconf 89' lang='lat' dir='ltr'>alibi</span> 
     </span>
    </p>
   </div>
   <div class='ocr_carea' id='block_1_3' title="bbox 82 2591 434 2601">
    <p class='ocr_par' dir='ltr' id='par_1_8' title="bbox 82 2591 434 2601">
     <span class='ocr_line' id='line_1_26' title="bbox 82 2591 434 2601; baseline 0 0"><span class='ocrx_word' id='word_1_184' title='bbox 82 2591 434 2601; x_wconf 95' lang='lat' dir='ltr'> </span> 
     </span>
    </p>
   </div>
   <div class='ocr_carea' id='block_1_4' title="bbox 74 2618 1853 3495">
    <p class='ocr_par' dir='ltr' id='par_1_9' title="bbox 74 2618 1853 3495">
     <span class='ocr_line' id='line_1_27' title="bbox 75 2618 1853 2678; baseline 0.003 -16"><span class='ocrx_word' id='word_1_185' title='bbox 75 2618 343 2663; x_wconf 82' lang='lat' dir='ltr'>Homericis</span> <span class='ocrx_word' id='word_1_186' title='bbox 375 2623 532 2664; x_wconf 84' lang='lat' dir='ltr'>autem</span> <span class='ocrx_word' id='word_1_187' title='bbox 564 2620 613 2664; x_wconf 92' lang='lat' dir='ltr'>hi</span> <span class='ocrx_word' id='word_1_188' title='bbox 645 2619 739 2676; x_wconf 88' lang='lat' dir='ltr'>ipsi</span> <span class='ocrx_word' id='word_1_189' title='bbox 771 2634 939 2665; x_wconf 85' lang='lat' dir='ltr'>versus</span> <span class='ocrx_word' id='word_1_190' title='bbox 974 2622 1160 2665; x_wconf 86' lang='lat' dir='ltr'>consuti</span> <span class='ocrx_word' id='word_1_191' title='bbox 1194 2626 1316 2678; x_wconf 85' lang='lat' dir='ltr'>sunt,</span> <span class='ocrx_word' id='word_1_192' title='bbox 1351 2623 1515 2666; x_wconf 87' lang='lat' dir='ltr'>eadem</span> <span class='ocrx_word' id='word_1_193' title='bbox 1550 2623 1671 2667; x_wconf 90' lang='lat' dir='ltr'>enim</span> <span class='ocrx_word' id='word_1_194' title='bbox 1705 2623 1853 2668; x_wconf 84' lang='lat' dir='ltr'>verba</span> 
     </span>
     <span class='ocr_line' id='line_1_28' title="bbox 76 2691 1022 2738; baseline 0.004 -4"><span class='ocrx_word' id='word_1_195' title='bbox 76 2691 246 2737; x_wconf 78' lang='lat' dir='ltr'>iisdem</span> <span class='ocrx_word' id='word_1_196' title='bbox 278 2703 502 2737; x_wconf 81' lang='lat' dir='ltr'>versuum</span> <span class='ocrx_word' id='word_1_197' title='bbox 533 2694 656 2738; x_wconf 84' lang='lat' dir='ltr'>locis</span> <span class='ocrx_word' id='word_1_198' title='bbox 690 2694 1022 2738; x_wconf 82' lang='lat' dir='ltr'>inveniuntur:</span> 
     </span>
     <span class='ocr_line' id='line_1_29' title="bbox 76 2758 1852 2826; baseline 0.004 -17"><span class='ocrx_word' id='word_1_199' title='bbox 76 2780 122 2811; x_wconf 87' lang='lat' dir='ltr'>v.</span> <span class='ocrx_word' id='word_1_200' title='bbox 143 2767 253 2813; x_wconf 52' lang='lat'>2702:</span> <span class='ocrx_word' id='word_1_201' title='bbox 291 2781 371 2810; x_wconf 77' lang='grc' dir='ltr'>κεν</span> <span class='ocrx_word' id='word_1_202' title='bbox 403 2771 456 2822; x_wconf 79' lang='grc' dir='ltr'>δὴ</span> <span class='ocrx_word' id='word_1_203' title='bbox 478 2769 512 2809; x_wconf 90' lang='grc' dir='ltr'><strong>Ε</strong></span> <span class='ocrx_word' id='word_1_204' title='bbox 534 2767 634 2823; x_wconf 86' lang='grc'>898,</span> <span class='ocrx_word' id='word_1_205' title='bbox 658 2782 680 2810; x_wconf 86' lang='grc' dir='ltr'>υ</span> <span class='ocrx_word' id='word_1_206' title='bbox 703 2770 803 2824; x_wconf 80' lang='lat'>222,</span> <span class='ocrx_word' id='word_1_207' title='bbox 834 2772 946 2824; x_wconf 84' lang='grc' dir='ltr'>μέγα</span> <span class='ocrx_word' id='word_1_208' title='bbox 967 2771 1117 2823; x_wconf 80' lang='grc' dir='ltr'>θαῦμα</span> <span class='ocrx_word' id='word_1_209' title='bbox 1139 2785 1162 2812; x_wconf 89' lang='grc' dir='ltr'><strong>τ</strong></span> <span class='ocrx_word' id='word_1_210' title='bbox 1185 2758 1256 2826; x_wconf 88' lang='lat'>36,</span> <span class='ocrx_word' id='word_1_211' title='bbox 1281 2774 1371 2824; x_wconf 82' lang='grc' dir='ltr'>μετ’</span> <span class='ocrx_word' id='word_1_212' title='bbox 1396 2773 1678 2815; x_wconf 69' lang='grc' dir='ltr'>ἀθανάτοισιν</span> <span class='ocrx_word' id='word_1_213' title='bbox 1701 2775 1732 2814; x_wconf 89' lang='grc' dir='ltr'>Σ</span> <span class='ocrx_word' id='word_1_214' title='bbox 1749 2773 1852 2817; x_wconf 86' lang='grc'><strong>366.</strong></span> 
     </span>
     <span class='ocr_line' id='line_1_30' title="bbox 75 2840 1852 2902; baseline 0.002 -18"><span class='ocrx_word' id='word_1_215' title='bbox 75 2853 121 2884; x_wconf 84' lang='lat' dir='ltr'>v.</span> <span class='ocrx_word' id='word_1_216' title='bbox 144 2841 256 2884; x_wconf 79' lang='lat'>271:</span> <span class='ocrx_word' id='word_1_217' title='bbox 286 2845 422 2885; x_wconf 74' lang='grc' dir='ltr'>παῖδα</span> <span class='ocrx_word' id='word_1_218' title='bbox 462 2840 559 2885; x_wconf 84' lang='grc' dir='ltr'>νέον</span> <span class='ocrx_word' id='word_1_219' title='bbox 605 2846 810 2897; x_wconf 81' lang='grc' dir='ltr'>γεγαῶτα</span> <span class='ocrx_word' id='word_1_220' title='bbox 842 2857 864 2885; x_wconf 89' lang='grc' dir='ltr'>τ</span> <span class='ocrx_word' id='word_1_221' title='bbox 894 2843 995 2898; x_wconf 86' lang='grc'>400,</span> <span class='ocrx_word' id='word_1_222' title='bbox 1039 2847 1110 2886; x_wconf 82' lang='grc' dir='ltr'>διὰ</span> <span class='ocrx_word' id='word_1_223' title='bbox 1150 2846 1387 2898; x_wconf 72' lang='grc' dir='ltr'>προθύροιο</span> <span class='ocrx_word' id='word_1_224' title='bbox 1428 2845 1552 2902; x_wconf 53' lang='lat' dir='ltr'>(bri-:w</span> <span class='ocrx_word' id='word_1_225' title='bbox 1590 2848 1852 2901; x_wconf 70' lang='grc' dir='ltr'>προθύροιο)</span> 
     </span>
     <span class='ocr_line' id='line_1_31' title="bbox 75 2914 1778 2974; baseline 0.003 -16"><span class='ocrx_word' id='word_1_226' title='bbox 75 2929 100 2955; x_wconf 85' lang='grc' dir='ltr'>σ</span> <span class='ocrx_word' id='word_1_227' title='bbox 129 2914 228 2959; x_wconf 84' lang='grc'>386,</span> <span class='ocrx_word' id='word_1_228' title='bbox 264 2914 442 2960; x_wconf 86' lang='lat' dir='ltr'>Contra</span> <span class='ocrx_word' id='word_1_229' title='bbox 474 2915 604 2959; x_wconf 83' lang='lat' dir='ltr'>illius</span> <span class='ocrx_word' id='word_1_230' title='bbox 637 2916 925 2960; x_wconf 86' lang='lat' dir='ltr'>sententiam</span> <span class='ocrx_word' id='word_1_231' title='bbox 957 2920 1211 2972; x_wconf 86' lang='lat' dir='ltr'>praeterea</span> <span class='ocrx_word' id='word_1_232' title='bbox 1241 2922 1423 2974; x_wconf 84' lang='lat' dir='ltr'>pugnat</span> <span class='ocrx_word' id='word_1_233' title='bbox 1456 2933 1626 2964; x_wconf 87' lang='lat' dir='ltr'>versus</span> <span class='ocrx_word' id='word_1_234' title='bbox 1658 2921 1778 2966; x_wconf 78' lang='lat'><strong>317:</strong></span> 
     </span>
     <span class='ocr_line' id='line_1_32' title="bbox 431 2993 1572 3048; baseline 0.004 -16"><span class='ocrx_word' id='word_1_235' title='bbox 431 2993 567 3045; x_wconf 85' lang='grc' dir='ltr'>αὐτὰρ</span> <span class='ocrx_word' id='word_1_236' title='bbox 599 2993 622 3032; x_wconf 83' lang='grc' dir='ltr'>ὁ</span> <span class='ocrx_word' id='word_1_237' title='bbox 656 2994 855 3046; x_wconf 80' lang='grc' dir='ltr'>τέχνῃσίν</span> <span class='ocrx_word' id='word_1_238' title='bbox 887 3006 932 3032; x_wconf 88' lang='grc' dir='ltr'>τε</span> <span class='ocrx_word' id='word_1_239' title='bbox 964 2996 1042 3034; x_wconf 79' lang='grc' dir='ltr'>καὶ</span> <span class='ocrx_word' id='word_1_240' title='bbox 1077 2994 1307 3046; x_wconf 79' lang='grc' dir='ltr'>αἱμυλίοισι</span> <span class='ocrx_word' id='word_1_241' title='bbox 1340 2995 1537 3048; x_wconf 81' lang='grc' dir='ltr'>λόγοισιν</span> <span class='ocrx_word' id='word_1_242' title='bbox 1570 2999 1572 3001; x_wconf 75' lang='grc'><strong><em>’</em></strong></span> 
     </span>
     <span class='ocr_line' id='line_1_33' title="bbox 75 3061 1585 3122; baseline 0.005 -17"><span class='ocrx_word' id='word_1_243' title='bbox 75 3061 190 3106; x_wconf 76' lang='lat' dir='ltr'>Nam</span> <span class='ocrx_word' id='word_1_244' title='bbox 222 3062 372 3107; x_wconf 83' lang='lat' dir='ltr'>verba</span> <span class='ocrx_word' id='word_1_245' title='bbox 405 3066 636 3118; x_wconf 80' lang='grc' dir='ltr'>αἱμυλίοισι</span> <span class='ocrx_word' id='word_1_246' title='bbox 668 3066 865 3119; x_wconf 83' lang='grc' dir='ltr'>λόγοισιν</span> <span class='ocrx_word' id='word_1_247' title='bbox 899 3078 954 3107; x_wconf 87' lang='lat' dir='ltr'>ex</span> <span class='ocrx_word' id='word_1_248' title='bbox 990 3064 1236 3122; x_wconf 84' lang='lat' dir='ltr'>Odysseae</span> <span class='ocrx_word' id='word_1_249' title='bbox 1269 3080 1413 3110; x_wconf 88' lang='lat' dir='ltr'>versu</span> <span class='ocrx_word' id='word_1_250' title='bbox 1446 3082 1474 3110; x_wconf 88' lang='grc' dir='ltr'>α</span> <span class='ocrx_word' id='word_1_251' title='bbox 1505 3068 1585 3113; x_wconf 82' lang='lat'>56:</span> 
     </span>
     <span class='ocr_line' id='line_1_34' title="bbox 430 3141 1445 3196; baseline 0.004 -16"><span class='ocrx_word' id='word_1_252' title='bbox 430 3142 513 3180; x_wconf 78' lang='grc' dir='ltr'>αἰεὶ</span> <span class='ocrx_word' id='word_1_253' title='bbox 546 3141 594 3181; x_wconf 82' lang='grc' dir='ltr'>δὲ</span> <span class='ocrx_word' id='word_1_254' title='bbox 627 3141 865 3193; x_wconf 80' lang='grc' dir='ltr'>μαλακοῖσι</span> <span class='ocrx_word' id='word_1_255' title='bbox 900 3144 978 3181; x_wconf 73' lang='grc' dir='ltr'>καὶ</span> <span class='ocrx_word' id='word_1_256' title='bbox 1012 3142 1243 3194; x_wconf 79' lang='grc' dir='ltr'>αἱμυλίοισι</span> <span class='ocrx_word' id='word_1_257' title='bbox 1275 3143 1445 3196; x_wconf 78' lang='grc' dir='ltr'>λόγοισι</span> 
     </span>
     <span class='ocr_line' id='line_1_35' title="bbox 74 3213 1849 3273; baseline 0.005 -20"><span class='ocrx_word' id='word_1_258' title='bbox 74 3223 168 3254; x_wconf 89' lang='lat' dir='ltr'>non</span> <span class='ocrx_word' id='word_1_259' title='bbox 230 3215 418 3267; x_wconf 86' lang='lat' dir='ltr'>sumpta</span> <span class='ocrx_word' id='word_1_260' title='bbox 482 3226 587 3255; x_wconf 87' lang='lat' dir='ltr'>esse</span> <span class='ocrx_word' id='word_1_261' title='bbox 642 3213 723 3256; x_wconf 87' lang='lat' dir='ltr'>vix</span> <span class='ocrx_word' id='word_1_262' title='bbox 778 3218 994 3270; x_wconf 85' lang='lat' dir='ltr'>possunt,</span> <span class='ocrx_word' id='word_1_263' title='bbox 1046 3218 1215 3270; x_wconf 87' lang='lat' dir='ltr'>utpote</span> <span class='ocrx_word' id='word_1_264' title='bbox 1270 3228 1390 3273; x_wconf 86' lang='lat' dir='ltr'>quae</span> <span class='ocrx_word' id='word_1_265' title='bbox 1446 3216 1536 3260; x_wconf 88' lang='lat' dir='ltr'>hoc</span> <span class='ocrx_word' id='word_1_266' title='bbox 1592 3230 1684 3261; x_wconf 88' lang='lat' dir='ltr'>uno</span> <span class='ocrx_word' id='word_1_267' title='bbox 1740 3218 1849 3261; x_wconf 87' lang='lat' dir='ltr'>loco</span> 
     </span>
     <span class='ocr_line' id='line_1_36' title="bbox 77 3282 1849 3346; baseline 0.005 -19"><span class='ocrx_word' id='word_1_268' title='bbox 77 3282 329 3329; x_wconf 79' lang='lat' dir='ltr'>Homerico</span> <span class='ocrx_word' id='word_1_269' title='bbox 380 3292 632 3330; x_wconf 82' lang='lat' dir='ltr'>occurrant</span> <span class='ocrx_word' id='word_1_270' title='bbox 680 3291 728 3331; x_wconf 86' lang='lat' dir='ltr'>et</span> <span class='ocrx_word' id='word_1_271' title='bbox 776 3288 1090 3345; x_wconf 84' lang='lat' dir='ltr'>comprobent</span> <span class='ocrx_word' id='word_1_272' title='bbox 1137 3289 1298 3346; x_wconf 89' lang='lat' dir='ltr'>hymni</span> <span class='ocrx_word' id='word_1_273' title='bbox 1354 3295 1597 3334; x_wconf 86' lang='lat' dir='ltr'>auctorem</span> <span class='ocrx_word' id='word_1_274' title='bbox 1652 3291 1849 3335; x_wconf 88' lang='lat' dir='ltr'>eundem</span> 
     </span>
     <span class='ocr_line' id='line_1_37' title="bbox 77 3361 1849 3421; baseline 0.004 -19"><span class='ocrx_word' id='word_1_275' title='bbox 77 3371 267 3403; x_wconf 85' lang='lat' dir='ltr'>versum</span> <span class='ocrx_word' id='word_1_276' title='bbox 300 3364 440 3417; x_wconf 86' lang='lat' dir='ltr'>atque</span> <span class='ocrx_word' id='word_1_277' title='bbox 475 3374 562 3404; x_wconf 85' lang='lat' dir='ltr'>nos</span> <span class='ocrx_word' id='word_1_278' title='bbox 595 3362 676 3405; x_wconf 88' lang='lat' dir='ltr'>vel</span> <span class='ocrx_word' id='word_1_279' title='bbox 709 3361 754 3405; x_wconf 92' lang='lat' dir='ltr'>in</span> <span class='ocrx_word' id='word_1_280' title='bbox 789 3375 876 3405; x_wconf 87' lang='lat' dir='ltr'>suo</span> <span class='ocrx_word' id='word_1_281' title='bbox 911 3363 1130 3420; x_wconf 84' lang='lat' dir='ltr'>exemplo</span> <span class='ocrx_word' id='word_1_282' title='bbox 1163 3362 1417 3408; x_wconf 89' lang='lat' dir='ltr'>Homerico</span> <span class='ocrx_word' id='word_1_283' title='bbox 1452 3365 1630 3421; x_wconf 81' lang='lat' dir='ltr'>legisse</span> <span class='ocrx_word' id='word_1_284' title='bbox 1665 3366 1744 3409; x_wconf 90' lang='lat' dir='ltr'>vel</span> <span class='ocrx_word' id='word_1_285' title='bbox 1790 3366 1849 3409; x_wconf 88' lang='lat' dir='ltr'>ab</span> 
     </span>
     <span class='ocr_line' id='line_1_38' title="bbox 78 3431 1848 3495; baseline 0.005 -20"><span class='ocrx_word' id='word_1_286' title='bbox 78 3431 186 3476; x_wconf 76' lang='lat' dir='ltr'>aliis</span> <span class='ocrx_word' id='word_1_287' title='bbox 219 3433 479 3479; x_wconf 79' lang='lat' dir='ltr'>audivisse.</span> <span class='ocrx_word' id='word_1_288' title='bbox 542 3434 619 3478; x_wconf 72' lang='lat' dir='ltr'>Ad</span> <span class='ocrx_word' id='word_1_289' title='bbox 650 3435 852 3479; x_wconf 85' lang='lat' dir='ltr'>Hesiodi</span> <span class='ocrx_word' id='word_1_290' title='bbox 887 3436 1007 3479; x_wconf 90' lang='lat' dir='ltr'>enim</span> <span class='ocrx_word' id='word_1_291' title='bbox 1041 3435 1368 3493; x_wconf 85' lang='lat' dir='ltr'>Theogoniam</span> <span class='ocrx_word' id='word_1_292' title='bbox 1402 3451 1447 3482; x_wconf 87' lang='lat' dir='ltr'>v.</span> <span class='ocrx_word' id='word_1_293' title='bbox 1481 3439 1568 3484; x_wconf 82' lang='lat'>890</span> <span class='ocrx_word' id='word_1_294' title='bbox 1601 3439 1848 3495; x_wconf 84' lang='lat' dir='ltr'>quominus</span> 
     </span>
    </p>
   </div>
  </div>
 </body>
</html>
