2274 4036
1215 298 1507 350 —82—

471 480 647 528 autem
687 476 765 528 vir
806 476 995 529 doctus
1049 477 1187 529 hunc
1226 493 1435 529 versum
1489 477 1560 529 ad
1615 477 1759 530 chori
1798 483 1929 551 ζυγά
1984 479 2248 548 pertinere

473 570 673 634 censet,
715 565 857 618 illius
898 567 1229 619 coniectura:

693 654 812 709 ἀλλ’
853 654 913 710 εἶ’
953 659 1144 727 ἐφίστω
1186 659 1406 726 τριζυγεί
1447 654 1487 719 ’ς
1527 661 1675 727 οἵμου
1716 658 1861 728 βάσιν

477 743 741 814 ⁷⁷agedum
780 745 946 797 tribus
997 745 1269 798 ordinibus
1326 744 1616 813 dispositus
1667 746 1850 798 insiste
1889 747 2066 799 viam“
2111 752 2251 800 state

472 820 670 902 nequit,
750 850 873 885 nam
938 838 1029 886 aut
1094 834 1327 900 quinque
1394 840 1484 885 aut
1562 839 1806 900 quattuor
1882 835 2025 888 chori
2102 843 2252 888 erant

473 921 704 990 ordineS,
747 922 835 989 qui
875 927 1006 994 ζυγά
1048 922 1461 991 appellabantur
1475 919 1577 991 13⁵),
1635 940 1741 976 non
1779 929 1902 977 tres.
1982 923 2064 976 Ad
2106 924 2252 977 chori

475 1015 651 1063 autem
691 1016 960 1063 catervam
1003 1011 1372 1064 collocandam
1403 1017 1456 1064 et
1495 1011 1847 1064 ordinandam
1875 1006 2000 1065 mihi
2043 1029 2251 1080 quoque

472 1099 557 1152 hic
604 1115 790 1153 versus
847 1106 1091 1168 spectare
1143 1098 1367 1169 videtur,
1421 1099 1509 1167 qui
1560 1116 1678 1152 cum
1717 1100 2126 1154 Wilamowitzio
2176 1101 2252 1153 sic

474 1188 815 1242 emendatus:

696 1277 814 1332 ἀλλ’
855 1276 917 1333 εἷ’
956 1281 1146 1350 ἐφίστω
1186 1276 1378 1350 τρίζυγ’
1417 1281 1486 1342 εἰς
1528 1283 1676 1350 οἵμου
1715 1281 1861 1351 βάσιν

475 1367 766 1434 significat:
827 1367 1059 1435 agedum
1128 1367 1270 1420 viam
1337 1367 1524 1420 insiste
1580 1371 1791 1439 (ἐφίστω
1843 1371 2009 1440 οἵμου)
2028 1367 2113 1435 ¹3⁶)
2169 1368 2252 1420 tri—

472 1457 666 1526 iugem‚
723 1456 779 1509 id
820 1462 901 1510 est
940 1456 1221 1525 triplicem,
1284 1456 1354 1508 ad
1394 1473 1652 1524 gressum.
1703 1455 1915 1529 (τρίζυγ’
1954 1461 2026 1522 εἰς
2067 1457 2250 1530 βάσιν).

656 1546 886 1599 Gressus
943 1551 1121 1599 autem
1180 1546 1484 1599 sakatorius
1540 1577 1608 1583 —-
1664 1545 1804 1598 hunc
1859 1545 1998 1599 enim
2058 1545 2253 1598 dictum

476 1651 596 1688 esse
650 1640 1068 1688 consentaneum
1118 1641 1199 1688 est
1246 1632 1419 1702 -137)
1471 1634 1676 1702 triiugis
1732 1650 1852 1687 esse
1902 1651 2008 1688 non
2058 1639 2254 1704 potest,

474 1725 577 1778 nisi
617 1725 781 1778 ternis
822 1724 1090 1778 choreutis
1130 1724 1320 1778 eodem
1374 1730 1613 1793 tempore
1655 1729 1707 1777 et
1744 1724 1799 1777 in
1840 1723 2031 1778 eodem
2071 1724 2255 1778 ordine

476 1814 811 1867 saltantibus,
911 1814 1070 1866 Terni
1134 1819 1312 1865 autem
1372 1812 1656 1866 choreutae
1714 1813 1768 1866 in
1829 1813 2052 1881 singulis
2111 1812 2256 1867 chori

476 1902 748 1956 ordinibus
801 1903 1092 1956 consociati
1145 1902 1303 1955 simili
1342 1902 1501 1955 modo
1543 1901 1732 1955 eodem
1790 1908 2031 1978 tempore
2084 1902 2256 1972 pedes

475 1993 731 2046 levabant
771 1992 839 2045 ad
892 1992 1216 2062 saltandum,
1271 2009 1373 2059 quo
1416 1991 1485 2044 ad
1535 1991 1935 2060 procedendum
1975 2008 2079 2045 uno
2129 1991 2254 2060 iugo

476 2110 628 2155 forma
671 2111 1031 2155 Muenscherum
1079 2125 1126 2167 p.
1161 2112 1261 2156 182.
1299 2110 1567 2166 Compitum
1602 2110 1662 2154 ad
1696 2109 2038 2166 designandum
2073 2110 2257 2167 Sopho·

477 2186 575 2229 cles
625 2185 671 2228 in
720 2185 818 2229 suis
872 2185 1139 2242 tragoediis
1187 2185 1260 2229 his
1314 2184 1478 2228 verbis
1530 2199 1643 2228 usus
1693 2189 1792 2229 est:
1845 2183 1959 2229 Oed.
2008 2184 2121 2242 Tyr.
2171 2185 2257 2230 730

478 2263 675 2314 τριπλαῖς
718 2263 956 2315 ἁμαξιτοῖς,
1002 2263 1087 2306 733
1128 2263 1278 2315 σχιστὴ
1312 2263 1350 2302 δ’
1395 2263 1511 2311 ὁδός,
1556 2259 1751 2316 80οβ801
1796 2262 1977 2315 τριπλῆς
2022 2262 2253 2311 κελευθου,

478 2333 733 2391 1398l1399
766 2342 879 2389 τρεῖς
911 2337 1132 2390 κέλευθοι,
1165 2337 1364 2388 τριπλαῖς
1398 2337 1531 2389 ὁδοῖς,
1579 2332 1691 2377 Oed.
1717 2333 1820 2377 Col.
1844 2333 2037 2387 900s901
2061 2336 2255 2387 δίστομοι

479 2413 588 2461 ὁδοί,
623 2410 738 2455 1592
770 2411 993 2451 κελεὺθων
1024 2413 1069 2452 ἐν
1101 2411 1397 2463 πολυσχίστων
1431 2414 1529 2463 μιᾷ;
1566 2406 1623 2451 cf.
1659 2406 1763 2451 adn.
1798 2410 1897 2463 138,
1942 2406 2000 2451 de
2033 2407 2256 2451 Wilamo-

477 2483 625 2527 witzii
661 2483 937 2527 coniectura
971 2482 1022 2526 Ο.
1056 2483 1107 2526 Ρ.
1141 2497 1187 2539 p.
1224 2483 1292 2528 75.

656 2556 730 2612 135)
767 2556 827 2601 cf.
861 2557 982 2602 Poll.
1017 2557 1080 2602 IV
1114 2558 1200 2601 108
1244 2561 1350 2612 μέρη
1384 2560 1432 2600 δὲ
1471 2562 1604 2612 χοροῦ
1650 2563 1823 2612 στοῖχος
1856 2559 1936 2597 καὶ
1970 2558 2111 2610 ζυγόν.
2176 2558 2255 2597 καί

477 2638 689 2687 τραγικοῦ
722 2635 796 2686 μὲν
828 2637 962 2688 χοροῦ
1006 2635 1116 2687 ζυγὰ
1148 2635 1275 2674 πέντε
1307 2635 1358 2673 ἐκ
1390 2635 1515 2685 τριῶν
1547 2634 1625 2672 καί
1666 2637 1832 2685 στοῖχοι
1871 2636 1988 2683 τρεῖς
2019 2633 2071 2671 ἐκ
2114 2632 2254 2671 πέντε·

479 2711 798 2750 πεντεκαίδεκα
844 2710 929 2762 γὰρ
975 2705 1084 2762 ἦσαν
1134 2710 1156 2748 ὁ
1203 2709 1348 2762 ψρός.
1414 2705 1555 2749 Phot.
1590 2719 1627 2749 s.
1661 2718 1707 2748 v.
1755 2707 1899 2759 ζυγόν·
1948 2707 1992 2746 ἐν
2040 2706 2116 2758 μὲν
2164 2710 2257 2755 τοῖς

479 2789 706 2837 τραγικοῖς
748 2789 899 2837 χοροῖς
941 2784 991 2823 τὸ
1037 2784 1088 2823 ἐκ
1131 2785 1213 2823 τῶν
1259 2785 1396 2834 τριῶν·
1430 2784 1475 2822 ἐν
1516 2783 1565 2822 δὲ
1606 2785 1698 2830 τοῖς
1739 2785 1952 2832 κωμικοῖς
1985 2780 2034 2820 τὸ
2078 2780 2130 2819 ἐκ
2173 2781 2256 2820 τῶν

479 2860 708 2910 τεττάρων.
773 2871 808 2900 s.
853 2870 900 2899 v.
948 2860 1091 2910 τρίτος
1140 2858 1378 2909 ἀριστεροῦ·
1428 2859 1471 2897 ἐν
1520 2861 1618 2904 τοῖς·
1665 2859 1889 2907 τραγικοῖς
1935 2858 2084 2907 χοροῖς
2130 2856 2256 2905 τριῶν

481 2934 612 2974 ὄντων
659 2935 840 2986 στοίχων
884 2934 963 2972 καὶ
1003 2931 1193 2985 <πέντε>
1239 2933 1392 2984 ζυγῶν,
1439 2932 1462 2970 ὁ
1504 2931 1578 2982 μὲν
1627 2929 1850 2982 ἀριστερὸς
1891 2933 2063 2981 στοῖχος
2095 2929 2119 2967 ὁ
2151 2927 2274 2979 πρὸς,

478 3012 538 3060 τῷ
572 3008 746 3060 θεάτρῳ
777 3004 844 3060 ἦν,
879 3009 902 3047 ὀ
935 3008 984 3048 δέ
1016 3007 1154 3056 δεξιὸς
1186 3007 1292 3058 πρὸς
1323 3010 1382 3058 τῷ
1414 3007 1670 3058 προσκηνίῳ.
2271 2995 2274 3036 l

658 3079 732 3134 ¹3⁰)
769 3079 1076 3123 Constructio
1111 3083 1270 3133 ἐφίστω
1302 3081 1425 3132 οἵμου
1459 3076 1731 3133 Sophoclea
1765 3081 1864 3133 est3
1899 3073 1960 3120 cf.
1994 3074 2108 3120 Oed.
2142 3063 2274 3134 Tyn}

480 3154 566 3200 825
599 3157 845 3208 ἐμβατεὺειν
878 3158 1098 3207 πατρίδος,
1135 3152 1248 3196 Oed.
1285 3151 1385 3196 Col.
1407 3152 1495 3198 400
1515 3158 1596 3207 γῆς
1625 3154 1674 3193 δὲ
1695 3154 1752 3205 μὴ
1786 3153 1978 3204 ’μβαίνῃς
2012 3153 2136 3203 ὅρων,
2176 3149 2256 3194 189

481 3232 674 3282 εὐσεβίας
720 3231 1022 3282 ἐπιβαίνοντες,
1079 3228 1165 3273 689
1213 3231 1367 3270 πεδίων
1416 3229 1690 3275 ἐπινίσσεται,
1745 3223 1831 3270 924
1877 3230 1962 3279 σῆς
1994 3226 2255 3278 ἐπεμβαίνων

479 3305 656 3358 χθονός.

659 3375 734 3431 137)
770 3375 831 3420 cf.
853 3376 977 3420 Poll.
1001 3376 1045 3418 ΙΙ
1069 3377 1176 3421 199:
1210 3379 1287 3417 καὶ
1321 3378 1440 3428 βάσις
1470 3377 1517 3416 δὲ
1549 3377 1667 3427 παρὰ
1699 3379 1789 3424 τοῖς
1822 3378 2047 3427 μουσικοῖς
2078 3373 2254 3425 λέγεται

480 3454 530 3494 τὸ
564 3454 731 3494 τιθέναι
766 3453 838 3493 τὸν
872 3454 987 3494 πόδα
1019 3454 1063 3493 ἐν
1099 3452 1258 3503 ῥυθμῷ.
