2274 4036
1051 299 1345 356 ..94—

312 475 455 542 quod
482 492 641 527 manu
670 476 824 544 pedis
852 477 968 529 viee
996 478 1172 547 utitur,
1213 478 1371 530 homo
1414 479 1776 549 quadrupedis
1814 483 2081 535 incessum

309 564 556 616 imitatur.

489 653 854 707 Calceamenti
897 657 1046 708 solea
1083 662 1225 729 ἴχνος
1268 657 1411 709 dieta
1453 664 1532 710 est
1575 657 1661 710 Or.
1707 660 1837 714 140:

531 755 650 816 σῖγα
693 756 829 816 σῖγα,
871 748 1058 800 λεπτὸν
1097 751 1239 818 ἴχνος
1281 749 1504 818 ἀρβύλης

531 836 721 902 τίθετε,
765 839 833 905 μὴ
874 834 1118 890 κτυπεῖτ’.

309 921 587 973 Transitus
640 921 870 989 denique
921 924 972 975 in
1028 924 1471 991 significationem
1526 926 1809 993 vestigium
1864 942 1930 978 ex
1981 927 2083 980 hoe

307 1009 553 1062 Electrae
595 1010 714 1079 1000
754 1012 1070 1079 perspicuus
1112 1019 1192 1065 est
1233 1017 1299 1080 (v.
1343 1014 1502 1081 5352):

508 1107 591 1165 ,σὺ
633 1100 677 1155 δ’
718 1106 787 1165 εἰς
826 1107 969 1174 ἴχνος
1012 1101 1128 1174 βάσ’
1168 1106 1391 1175 ἀρβύλης
1434 1106 1622 1173 σκέψαι
1666 1107 1829 1176 βάσιν,

528 1195 570 1245 εἰ
612 1193 895 1262 σύμμετρος
938 1201 1011 1263 σῷ
1052 1194 1170 1246 ποδὶ
1210 1195 1499 1264 γενήσεται,
1541 1195 1734 1247 τέκνον.

1015 1430 1361 1502 1))τορῶς.

482 1561 642 1629 Apud
689 1561 1014 1631 Aeschylum
1074 1569 1126 1615 et
1185 1563 1493 1632 Euripidem
1554 1564 1864 1617 adverbium
1921 1576 2082 1636 τορῶς

306 1666 426 1702 eum
468 1667 623 1717 quem
667 1667 827 1720 supra
868 1653 1095 1720 exposui
1134 1651 1297 1705 habet
1337 1670 1567 1707 sensum.
1618 1653 1916 1722 Aesehylus
1956 1653 2083 1706 dieit

303 1752 463 1812 τορῶς
511 1744 682 1813 λέγειν
734 1742 907 1793 Prom.
955 1741 1079 1812 609,
1134 1742 1322 1810 Suppl.
1370 1742 1491 1810 196,
1547 1744 1646 1810 Ag.
1690 1742 1813 1812 269,
1871 1748 2082 1815 φράζειν

303 1832 402 1898 Ag.
447 1831 607 1900 1584,
665 1834 1015 1904 ἀπαγγέλλειν
1067 1832 1166 1899 Ag.
1221 1833 1344 1900 632,
1400 1832 1588 1901 Suppl.
1633 1833 1755 1901 931,
1808 1835 2082 1905 ἀγγέλλειν

305 1919 541 1989 Choeph.
595 1922 717 1989 741,
780 1911 1043 1993 σημαίνειν
1102 1922 1248 1974 Pers,
1307 1922 1432 1989 479,
1493 1922 1591 1989 Ag.
1649 1922 1736 1990 26,
1792 1925 2082 1994 τεκμαίρειν

303 2011 476 2063 Prom.
508 2010 633 2080 604,
662 2013 976 2077 ,ἐπεξελθεῖν
1004 2012 1179 2063 Prom.
1211 2011 1317 2064 870
1338 2033 1365 2079 3=
1391 2014 1868 2083 προυξεπίστασθαι
1908 2015 2079 2063 From.

303 2099 439 2167 6993
480 2099 764 2168 Euripides
803 2100 908 2152 Jon
944 2100 1050 2154 696
1089 2112 1251 2171 τορῶς
1279 2104 1329 2164 ἐς
1372 2102 1458 2165 οὖς
1497 2103 1879 2173 γεγωνήσομεν,
1920 2100 2080 2153 Rhes,

305 2190 370 2241 77
413 2195 509 2244 οὐκ
547 2194 693 2261 ἴσμεν
733 2199 911 2260 τορῶς,
955 2188 1061 2244 656
1103 2193 1331 2253 ἀκούσας
1373 2195 1432 2244 οὐ
1471 2200 1650 2260 τορῶς.

481 2278 562 2330 Ab
604 2277 705 2330 hoe
745 2294 842 2330 usu
884 2295 988 2329 non
1031 2279 1264 2345 graviter
1321 2277 1604 2330 abhorrent
1657 2284 1901 2331 auctores
1954 2295 2080 2331 non-

300 2367 430 2418 nulli
491 2367 850 2434 posteriores;
912 2367 978 2419 ef.
1020 2366 1211 2420 Athen.
1255 2368 1342 2420 VI.
1404 2385 1454 2435 p.
1499 2368 1605 2420 270
1664 2368 1729 2421 Α.
1781 2379 1940 2423 ταῦτα
1992 2381 2080 2423 τοῦ

302 2459 623 2527 Δημοκρίτου
645 2467 823 2527 σαφῶς
856 2461 943 2511 καὶ
973 2467 1133 2527 τορῶς
1162 2459 1533 2524 διεξελθόντος,
1564 2457 1764 2509 Lueian
1787 2455 2076 2509 Anachars.

302 2562 345 2597 0.
389 2546 454 2596 21,
500 2563 550 2613 p.
583 2545 688 2599 902
730 2547 774 2597 R
812 2557 972 2617 τορῶς
1014 2547 1373 2615 ἐπιλέξασθαι,
1418 2545 1485 2598 de
1526 2563 1684 2599 mere.
1728 2545 1881 2598 eond.
1923 2562 1966 2598 0.
2010 2547 2079 2596 35

299 2652 351 2702 p.
384 2634 492 2688 694
531 2635 589 2686 R.
625 2640 712 2690 καὶ
755 2638 943 2706 ῥήτορα
975 2677 1243 2687 .......
1287 2639 1639 2707 μελετήσαντα
1672 2677 1897 2689 ......
1941 2640 2076 2690 πάνυ

302 2735 463 2795 τορῶς
540 2729 627 2778 καὶ
710 2726 1212 2797 ξυγκεκροτημένως,
1297 2724 1413 2776 Αο1.
1489 2724 1608 2776 hist.
1685 2725 1840 2776 anim.
1908 2725 1932 2775 I
2007 2724 2078 2776 43

301 2816 475 2886 ἀηδὼν
505 2856 729 2866 ......
772 2817 985 2885 κατᾴδει
1016 2854 1414 2867 ..........
1458 2815 1820 2886 εὐστομὼτατα
1858 2817 2078 2885 ὀρνίθων

299 2909 388 2958 καὶ
439 2905 718 2975 τορώτατα.
814 2902 1055 2956 Eustath.
1110 2920 1292 2971 opusc.
1343 2921 1395 2971 p.
1442 2902 1564 2967 199,
1625 2903 1695 2958 52
1749 2903 1855 2973 (ed.
1899 2902 2075 2970 Tafel,

300 2992 592 3045 Frankfurt
672 2992 863 3063 1832):
942 2996 1191 3049 ἐντείνατε
1271 2999 1327 3048 τὸ
1402 2994 1543 3064 ᾆσμα
1609 2994 1906 3063 τορὼτερον,
1975 2992 2076 3044 Dio

302 3082 453 3134 Cass.
497 3082 689 3151 LXIII,
736 3082 802 3133 15
857 3093 1017 3153 τορῶς
1073 3103 1127 3136 τε
1175 3084 1473 3154 ἐκβοῶντες,
1528 3082 1743 3149 LXXV,
1791 3082 1874 3136 12.
1916 3093 2076 3153 τορῶς

300 3175 634 3243 πανταχόθεν
699 3177 756 3227 τὸ
823 3174 1169 3243 ἀνακλητικὸν
1235 3175 1562 3243 σημανθῆναι
1605 3173 1902 3236 ·κελεύσας;
1969 3175 2074 3223 tam

301 3266 456 3313 aeuto
510 3268 561 3313 et
612 3260 768 3321 firmo,
796 3257 1065 3328 elarigore
1123 3260 1332 3328 signum
1390 3260 1628 3328 reeeptui
1686 3259 1831 3328 dare,
1892 3266 1948 3312 ut
2006 3259 2074 3312 ad

301 3349 533 3401 omnium
582 3366 738 3402 aures
784 3349 1103 3417 perveniret,
1160 3355 1215 3401 ut
1256 3349 1486 3401 omnium
1544 3365 1698 3401 auree
1753 3354 2071 3417 penetraret.

301 3438 388 3505 (ef.
431 3438 630 3491 Suidae
672 3439 909 3507 glossam
938 3454 979 3490 s,
1010 3457 1058 3492 V.
1088 3440 1254 3510 τορὸν)
1296 3437 1432 3490 Plut.
1462 3438 1544 3490 De
1572 3436 1798 3506 Pythiae
1827 3437 2072 3504 oraeuliS‚
