2274 4036
1094 271 1349 326 *8—

328 447 520 499 Maiam
550 464 783 501 amorem
811 448 885 502 ita
913 466 977 502 ea
1005 466 1268 520 enarrare,
1310 468 1446 518 quae
1477 452 1519 505 si
1546 450 1815 523 tacuisset,
1858 455 2102 509 alumnus

256 592 259 593 γ
326 543 468 590 tutus
511 537 714 590 fuisset.
782 537 937 602 Quod
963 539 1086 592 ideo
1114 539 1287 593 minus
1327 541 1481 593 nobis
1522 541 1730 594 videtur
1767 543 2099 615 incredibile,

330 626 577 692 quoniam
638 632 847 696 satyros
907 634 1067 696 poeta
1117 629 1268 682 finxit
1307 646 1446 682 novo
1489 636 1539 682 et
1579 631 1815 685 inaudito
1859 650 1988 688 sono
2028 633 2103 686 ita

329 723 516 785 captos
565 734 702 789 esse,
763 723 819 771 ut
876 719 1035 771 boum
1088 720 1424 773 immemores
1472 737 1577 772 non
1617 721 1670 774 in
1710 720 1825 790 has,
1885 727 2103 791 propter

326 822 459 872 quas
511 813 694 876 raptas
742 815 1017 878 venerant,
1079 809 1174 861 sed
1214 810 1268 862 in
1309 809 1441 861 illud
1481 810 1898 883 instrumentum,
1959 811 2101 864 unde

324 895 457 948 mira
495 895 739 965 profecta
780 903 923 950 esset
961 914 1083 966 VOX,
1125 899 1463 966 inquirerent.

503 985 857 1055 Sophocleam
899 991 1075 1039 autem
1116 1004 1149 1039 a
1187 992 1402 1040 nostrae
1445 988 1638 1041 aetatis
1668 993 1778 1041 arte
1807 987 2102 1042 dramatica

323 1091 539 1144 prorsus
590 1075 857 1128 diversam
905 1075 1071 1129 fuisse
1127 1076 1258 1129 satis
1325 1082 1548 1130 constat.
1648 1078 1902 1131 Leviores
1962 1079 2101 1131 enim

324 1164 667 1232 gravioresve
706 1165 1094 1218 inconstantias
1135 1165 1222 1219 vel
1263 1183 1329 1218 ex
1370 1183 1602 1220 scaenae
1644 1167 1895 1235 antiquae
1925 1167 2102 1220 condi-

323 1254 564 1307 cionibus
615 1254 703 1308 vel
752 1272 816 1307 ex
860 1272 923 1307 eo
965 1259 1122 1323 ortas,
1178 1254 1319 1322 quod
1366 1272 1464 1308 usu
1506 1255 1738 1323 quodam
1779 1257 2100 1324 tragicarum

322 1343 775 1413 satyricarumque
822 1343 1121 1396 fabularum
1183 1344 1468 1413 scriptores
1523 1346 1684 1398 Attici
1735 1346 1907 1399 coacti
1952 1352 2102 1399 erant

320 1432 375 1485 in
434 1432 671 1486 actiones
723 1433 1002 1486 scaenicas
1053 1449 1138 1486 res
1191 1432 1454 1501 digerere
1490 1451 1522 1486 a
1577 1434 1659 1486 dis
1715 1434 1804 1486 vel
1851 1433 2100 1488 heroibus

321 1521 565 1590 mythicis
614 1527 812 1591 gestaS,
866 1522 1187 1575 carminibus
1247 1523 1562 1591 saepissime
1605 1524 1772 1592 epicis
1812 1525 2100 1578 memoriae

320 1610 578 1679 proditaS,
627 1617 790 1680 poeta
830 1628 991 1679 aegre
1032 1611 1168 1665 ferre
1208 1629 1314 1664 non
1355 1613 1579 1681 solebat,
1623 1612 1910 1666 dummodo
1952 1630 2099 1683 spec-

320 1700 542 1753 tantium
609 1705 661 1753 et
716 1701 1045 1754 audientium
1099 1702 1306 1754 animos
1370 1702 1451 1770 iis,
1519 1719 1658 1769 quae
1724 1708 1846 1756 ante
1913 1704 2100 1757 oculos

319 1789 630 1859 agebantur,
671 1795 888 1867 teneret.
917 1795 969 1843 et
1006 1790 1251 1843 traheret.
1271 1791 1334 1858 ¹³>
1411 1791 1528 1843 Hac
1573 1791 1731 1859 igitur
1769 1792 1975 1845 ratione
2016 1809 2097 1862 ea,

320 1895 457 1946 quac
509 1879 645 1932 sicut
683 1881 738 1933 in
776 1880 920 1933 illius
958 1880 1249 1948 tragoediis
1289 1881 1365 1933 ita
1403 1881 1458 1932 in
1497 1881 1597 1933 hac
1638 1880 1824 1934 fabula
1863 1882 2096 1951 satyrica

317 1969 454 2021 inter
493 1986 550 2022 se
609 1987 1005 2037 nonnumquam
1064 1988 1171 2023 non
1232 1970 1533 2040 concinunt,
1588 1970 1912 2039 explicanda
1971 1987 2092 2024 esse

314 2064 558 2126 apparet,

462 2254 557 2306 De
611 2254 783 2306 loco
844 2259 911 2307 et
969 2253 1240 2307 ordine
1296 2254 1666 2307 carminis
1726 2253 1957 2323 epici.

496 2373 645 2436 Quae
707 2390 824 2426 cum
883 2374 957 2426 ita
1012 2374 1131 2442 sint,
1197 2390 1294 2443 per
1357 2390 1416 2426 se
1460 2374 1584 2426 vveri
1636 2378 1716 2426 est
1771 2372 2097 2426 simillimum

316 2462 621 2515 scaenicum
679 2468 894 2531 poetam
952 2463 1112 2521 rebus
1153 2468 1497 2514 commotum.
1525 2461 1832 2514 dramaticis
1861 2466 1914 2513 et
1939 2461 2095 2514 tradi-

314 2557 422 2604 tum
445 2552 498 2603 in
518 2550 717 2620 hymno
735 2552 910 2604 locum
933 2556 1264 2620 permutasse
1284 2556 1335 2603 et
1355 2550 1631 2620 pristinum
1658 2565 1827 2603 rerum
1858 2549 2095 2602 ordinem

316 2641 660 2708 convertisse,
704 2641 791 2708 qui
830 2640 962 2692 nihil
1002 2641 1214 2693 omnino
1255 2639 1419 2693 habet
1459 2639 1786 2707 offensionis
1866 2639 1947 2690 An
1987 2655 2095 2690 um-

317 2747 475 2798 quam
535 2731 625 2797 qui
663 2730 876 2799 mythos
915 2735 1133 2782 narrant
1172 2734 1366 2798 poetae
1408 2745 1663 2796 quaerere
1705 2728 1894 2796 solent,
1950 2726 2094 2780 unde

316 2819 370 2872 di
411 2825 461 2872 et
500 2819 708 2890 heroes,
752 2836 883 2886 quos
923 2824 1102 2888 partes
1144 2824 1366 2886 agentes
1405 2818 1677 2886 inducunt,
1722 2834 1802 2886 ea,
1845 2833 2095 2883 quaeres

313 2909 475 2961 miras
533 2908 602 2961 ad
656 2907 1013 2977 perficiendas
1055 2923 1188 2976 opus
1230 2908 1348 2976 sint,
1410 2907 1656 2961 sumant?
1734 2907 1840 2958 Res
1881 2905 2090 2975 adsunt,

490 3049 548 3106 13)
583 3049 730 3101 Quam
763 3063 861 3092 rem
894 3048 1045 3092 fusius
1079 3051 1408 3092 tractaverunt
1442 3047 1709 3104 Dopheide,
1742 3046 1812 3090 De
1837 3045 2093 3102 Sophoclis

315 3128 415 3167 arte
465 3124 727 3168 dramatica
769 3138 791 3167 e
841 3123 1107 3167 fabularum
1154 3122 1295 3166 rebus
1345 3122 1465 3165 inter
1514 3136 1564 3166 se
1599 3119 1982 3178 discrepantibus
2018 3135 2093 3165 co-

315 3200 606 3253 gnoscenda,
651 3199 861 3242 Miinster
894 3198 1023 3253 1910,
1072 3197 1121 3241 F.
1156 3197 1472 3252 Ackermann,
1520 3196 1618 3239 Das
1666 3198 1852 3238 πιθανόν
1896 3195 1975 3239 bei
2008 3193 2092 3238 So-

312 3273 531 3331 phokles,
583 3274 656 3317 ein
704 3273 903 3328 Beitrag
951 3286 1031 3315 zur
1075 3271 1360 3315 Erkenntnis
1414 3271 1571 3314 seiner
1624 3270 1791 3325 Kunst,
1854 3269 2093 3324 Erlangen

315 3349 443 3404 1910,
476 3348 643 3405 Tycho
677 3361 773 3391 von
806 3345 1491 3399 Wilamowitz-Moellendorff,
1537 3343 1943 3399 Beobachtungen
1975 3341 2092 3386 iiber

314 3423 390 3467 die
425 3421 746 3466 dramatische
780 3420 994 3464 Technik
1029 3420 1112 3464 des
1147 3419 1434 3476 Sophokles,
1468 3418 1865 3486 Freiburg¹1912.
