2274 4036
789 304 1085 391 481—

34 522 108 586 fit
157 517 256 568 col.
298 516 440 568 VIII.
493 517 577 583 11,
623 517 756 570 195:
808 515 949 570 ἔπιθ’
1004 514 1150 588 ἔπεχ’
1206 515 1359 570 εἴσιθ’
1409 517 1608 582 332132).
1687 517 1822 569 Num

39 621 121 670 *ex
159 604 325 657 tribus
365 604 590 656 diversis
618 605 749 657 locis
780 622 872 658 eos
911 604 1181 673 profectos
1224 621 1343 657 esse
1384 605 1662 673 probabile
1705 607 1824 658 est?

36 683 363 750 [Mercurium
403 709 620 760 gregem
647 711 753 745 non
806 693 1119 761 tripertitum
1162 693 1339 760 egisse
1369 710 1530 762 supra
1567 694 1824 761 vidimus3

53 781 267 835 chorum
307 782 466 850 igitur
504 799 611 834 non
650 783 927 851 tripertitO,
982 781 1078 834 sed
1119 783 1409 835 continenti
1450 784 1661 850 agmine
1702 783 1825 835 inde

54 871 121 923 ab
156 887 220 924 eo
248 870 384 939 locu,
413 887 516 938 quo
544 871 773 939 vestigia
800 871 1058 939 indagata
1085 879 1250 940 erant,
1293 873 1622 940 processisse
1654 889 1823 924 rerum

34 959 397 1013 condiciones
420 976 488 1012 ex
510 960 749 1012 versibus
772 960 1104 1012 exstantibus
1125 960 1254 1012 satis
1275 960 1592 1029 perspicuae
1616 961 1823 1014 docent.

44 1122 45 1125 Ἴ
229 1052 466 1116 Trivium
516 1063 675 1130 igitur
728 1079 833 1116 non
889 1069 1092 1116 tantum
1151 1064 1313 1132 plane
1369 1081 1826 1132 supervacaneum

0 1151 1 1179 ³
42 1147 150 1221 iest,
193 1152 290 1206 sed
319 1153 478 1205 etiam
520 1152 783 1204 actionem
824 1154 1127 1205 scaenicam
1157 1153 1327 1220 magis
1367 1154 1640 1221 perturbat
1668 1170 1824 1220 quam

50 1258 171 1295 eam
201 1241 269 1294 ad
295 1240 718 1308 intellegendam
747 1240 980 1308 adiuvat.
1022 1241 1248 1293 Accedit
1275 1241 1448 1293 forma
1473 1239 1824 1314 τριζύγης133),

52 1347 189 1399 quae
245 1331 643 1383 excusationem
686 1329 911 1383 fortasse
951 1330 1189 1400 haberet,
1240 1332 1283 1384 si
1323 1348 1407 1384 res
1447 1331 1567 1400 ipsa
1608 1331 1826 1382 defendi

38 1426 252 1491 posset,
314 1436 452 1487 quae
503 1425 680 1471 tamen
725 1418 793 1470 ad
836 1425 1041 1471 ceteras
1089 1420 1412 1472 offensiones
1454 1419 1636 1474 addita
1684 1420 1826 1471 illius

40 1509 183 1562 facit
221 1514 559 1570 momentum.
616 1507 965 1560 Muenschero
1006 1509 1162 1576 igitur
1202 1515 1253 1561 et
1291 1509 1604 1577 Vollgraffio
1648 1525 1825 1561 assen-

48 1599 166 1666 'or‚
209 1599 298 1666 qui
337 1599 504 1651 verba
542 1597 736 1650 tradita
775 1598 827 1649 in
869 1598 1253 1651 dubitationem
1294 1605 1502 1652 vocant.
1744 1606 1747 1609 ’

228 1703 466 1756 Pearson
507 1701 602 1753 illa
642 1701 716 1753 sic
757 1701 1128 1769 interpretatur
1166 1720 1217 1771 p.
1259 1703 1395 1757 210:

272 1789 390 1846 ἀλλ’
430 1789 490 1845 εἷ’
532 1791 767 1862 [ἀ[φίστω
807 1792 1043 1863 τριζύγης
1085 1794 1435 1870 οἵμουγβάσιν,

45 1912 188 1948 inae
233 1895 533 1964 significare
576 1894 654 1945 vir
697 1892 884 1946 doctus
928 1893 1062 1945 vult:
1122 1894 1367 1962 agedum,
1409 1894 1519 1947 noli
1563 1895 1824 1962 cunctari3

82 1990 407 2038 unctatorem
458 1978 597 2036 enim
639 1983 742 2035 dici
784 1984 955 2036 solere
984 1983 1036 2036 in
1063 1984 1216 2037 trivio
1259 2001 1395 2036 esse.
1445 1983 1599 2046 Quod
1629 1983 1825 2035 dictum

50 2071 124 2127 ἰα
178 2073 553 2144 explicandum
596 2089 715 2125 esse
765 2079 1003 2142 apparet,
1064 2079 1117 2124 ut
1156 2073 1247 2125 ille
1307 2079 1596 2141 cunctator,
1657 2078 1824 2124 utram

0 2131 3 2239 1
57 2156 189 2216 siam
244 2163 452 2217 duabus
501 2165 789 2233 propositis
830 2169 1099 2232 sequatur,
1159 2164 1379 2216 nesciat.
1461 2164 1608 2215 Haec
1650 2169 1823 2215 autem

0 2241 3 2322 Ι
64 2253 332 2306 aesitatio
372 2253 520 2305 finita
549 2254 647 2306 erit
684 2270 791 2306 non
832 2269 949 2304 cum
979 2269 1011 2303 a
1049 2252 1202 2305 trivio
1230 2252 1322 2304 ille
1365 2252 1686 2316 discesserit,
1729 2251 1823 2304 sed

0 2323 2 2361 Ι
64 2358 167 2395 um
209 2342 515 2395 alterutram
557 2341 845 2409 delegerit,
888 2358 991 2409 qua
1020 2341 1086 2394 de
1115 2358 1279 2394 causa
1319 2341 1517 2410 dubit0,
1561 2359 1630 2394 an
1663 2341 1827 2393 verba

58 2434 286 2505 ’ριζύγης
327 2437 476 2504 οἵμου
516 2435 714 2503 ἀφίστω
767 2448 833 2502 „a
871 2431 1023 2483 trivio
1066 2430 1317 2483 discede“
1362 2431 1509 2483 illum
1558 2447 1711 2497 quem
1748 2430 1826 2482 vir

65 2526 237 2573 octus
278 2519 405 2573 dicit
443 2537 659 2574 sensum
699 2519 949 2572 habeant.

233 2623 428 2678 Contra
469 2624 738 2692 Vollgraff
786 2625 839 2676 in
892 2641 1026 2677 voce
1077 2628 1312 2697 τριζύγης
1359 2624 1560 2676 litteras
1601 2645 1643 2678 ει
1685 2624 1737 2675 in
1794 2646 1824 2696 η

1 2738 4 2779 1
72 2719 328 2782 orruptas
368 2730 490 2767 esse
531 2719 729 2782 censet,
781 2713 921 2781 quod
956 2730 1052 2782 pei
1092 2730 1150 2766 se
1191 2713 1305 2766 sine
1346 2713 1506 2765 dubio
1548 2712 1825 2782 probabile

68 2808 151 2871 st,
193 2820 315 2854 nam
356 2802 460 2856 hae
500 2803 708 2856 litterae
751 2803 913 2856 facile
952 2803 1087 2855 inter
1127 2819 1185 2855 se
1226 2808 1589 2871 permutantur
1606 2800 1708 2869 ¹³4)
1770 2801 1826 2853 Si

4 3003 14 3017 ,Ἰ
226 2950 301 3006 132)
337 2950 396 2997 cf.
419 2951 542 2996 infra
566 2952 670 2996 adn.
695 2951 781 2997 144
802 2966 847 3008 p.
871 2953 928 2997 85
952 2966 1054 3008 sqq.
1077 2951 1310 2995 Rossbach
1332 2951 1385 2994 B.
1408 2950 1487 3006 ph.
1511 2951 1583 2995 W.
1606 2951 1677 3006 46,
1712 2952 1826 2996 1912

3 3015 15 3092 {l
85 3057 97 3068 .
129 3025 244 3070 1460
283 3026 616 3082 proposuitv.
650 3027 759 3071 182:
805 3029 943 3079 στίβος
977 3029 1052 3068 ὅδε
1083 3030 1180 3077 νέος
1214 3059 1223 3068 .
1287 3025 1514 3068 Fortasse
1560 3025 1605 3068 in
1648 3024 1825 3067 litteris

4 3102 7 3151 ξ
68 3098 229 3143 oletis
272 3100 394 3143 latet
437 3100 635 3144 verbum
667 3104 829 3143 ἔνεστιν
862 3104 970 3142 ἰδεῖν
1018 3099 1096 3142 vel
1130 3099 1225 3142 tale
1271 3098 1404 3155 quid,
1449 3098 1534 3142 sed
1578 3098 1826 3154 quominus

4 3176 7 3234 ξ
95 3173 263 3217 rtiora
297 3172 574 3230 efficiamUS,
608 3174 804 3219 obstant
836 3173 1014 3217 numeri
1050 3172 1335 3217 difficillimi.

6 3291 7 3298 ,
229 3246 306 3304 133)
343 3247 404 3292 cf.
436 3248 679 3305 Vollgraff
712 3262 757 3304 p.
790 3249 939 3305 88s89.
1002 3248 1073 3291 De
1118 3247 1410 3302 aspiratione
1459 3260 1628 3290 vocum
1678 3245 1745 3287 εἷα
1778 3250 1827 3288 et

6 3350 8 3357 ,
74 3315 181 3374 'mog
216 3320 275 3365 cf.
309 3321 435 3365 Hunt
467 3321 518 3366 O.
550 3322 601 3365 Ρ.
634 3336 679 3378 p.
714 3325 767 3367 71
803 3322 862 3365 ad
897 3322 986 3365 col.
1021 3322 1096 3364 IV.
1133 3324 1171 3376 7,
1214 3335 1259 3376 p.
1295 3321 1348 3366 75
1394 3320 1452 3362 ad
1499 3320 1588 3363 col.
1624 3319 1722 3363 VII.
1757 3321 1826 3374 10,

5 3380 10 3444 ’,
78 3392 376 3438 'ilamowitz
407 3409 453 3450 p.
485 3395 572 3440 456
605 3394 710 3438 adn.
743 3399 784 3440 3.

238 3465 312 3522 134)
347 3466 408 3512 cf.
453 3468 675 3512 Huntium
721 3469 781 3511 ad
824 3469 914 3512 col.
947 3467 1073 3511 VIII.
1106 3470 1147 3522 8,
1193 3467 1244 3510 Ο.
1285 3467 1336 3510 Ρ.
1376 3481 1422 3522 p.
1458 3467 1540 3522 75„
1589 3466 1646 3510 de
1694 3466 1827 3510 trivii
