2274 4036
786 277 1113 332 ‡—49-

78 462 188 530 egit
236 477 334 529 per
385 474 668 511 arenosum
727 457 901 508 locum
956 470 1135 506 earum
1190 452 1361 521 pedes
1419 458 1560 505 retro
1607 451 1845 518 flectenS,

77 549 257 603 callidi
313 547 519 600 artificii
568 564 673 598 non
727 545 939 611 oblitus,
993 542 1284 595 contrarias
1325 574 1393 580 -—-
1446 541 1501 594 id
1556 547 1637 593 est
1689 547 1847 607 atque

77 644 236 692 antea
293 637 503 689 fuerant
555 668 622 674 —
676 635 879 687 faciens
937 633 1180 700 ungulaS,
1241 632 1446 699 priores
1504 630 1846 698 posterioreS,

75 727 404 797 posteriores
446 731 622 778 autem
663 724 900 793 priores,
941 723 1058 790 ipse
1098 726 1428 773 retroversus
1468 719 1701 772 incessit.

251 903 307 958 ⁸⁷)
340 903 506 947 Utrum
554 905 791 953 πλανοδίας
838 914 1009 944 nomen
1055 899 1121 943 sit
1183 912 1240 942 an
1301 898 1593 942 adiectivum
1642 898 1702 941 ad
1750 901 1846 951 βοῦς

75 982 301 1034 ἐριμύκους
333 977 593 1034 pertinens,
628 975 782 1019 adhuc
815 974 901 1018 sub
936 973 1091 1018 iudice
1125 973 1185 1017 lis
1220 976 1315 1026 est3
1350 973 1566 1029 plerique
1602 972 1694 1015 viri
1714 972 1847 1016 docti

74 1053 474 1109 interpretantur:
522 1050 714 1107 „Boves
764 1048 864 1104 egit
918 1048 1088 1091 itinere
1151 1047 1374 1103 incertas,
1422 1047 1619 1103 vagas“.
1699 1046 1845 1098 Quam

73 1125 359 1170 sententiam
390 1128 522 1169 recte
555 1138 606 1167 se
641 1123 816 1167 habere
849 1120 962 1164 mihi
994 1120 1281 1177 persuadere
1315 1135 1409 1164 non
1439 1133 1651 1176 possum.
1684 1119 1845 1175 Neque

73 1200 299 1244 maiorem
331 1197 470 1242 fidem
502 1196 768 1241 Ludwichii
794 1194 1104 1252 explicationi
1126 1193 1266 1237 nimis
1290 1193 1550 1238 arcessitae
1576 1196 1624 1236 et
1647 1196 1845 1236 coactae

74 1273 233 1318 tribuo
269 1272 507 1317 censentis
541 1271 634 1316 hoc
668 1271 899 1315 translate
933 1270 1109 1314 dictum
1146 1282 1264 1312 esse
1302 1268 1359 1312 de
1392 1268 1546 1312 bubus
1590 1267 1843 1324 illegitima

73 1347 260 1392 abactis
292 1346 374 1391 via
405 1347 435 1389 l.
459 1359 497 1391 s,
521 1361 558 1390 s.
582 1359 627 1401 p.
660 1346 743 1402 883
777 1344 891 1401 quid
913 1343 1143 1402 Hesychii
1167 1342 1261 1386 sibi
1283 1343 1405 1387 velit
1438 1343 1618 1399 glossa,
1643 1356 1735 1398 qua
1759 1342 1840 1384 ille

73 1421 269 1465 nititur:
315 1423 542 1476 πληνοδίᾳ·
577 1423 829 1474 παρανόμῳ·
871 1422 1141 1474 τετιμημὲνῃ·
1177 1426 1228 1475 τῇ
1262 1420 1567 1473 πεπλανημένη
1601 1422 1676 1471 τῆς
1709 1418 1846 1470 ὀρθῆς

82 1499 200 1548 ὁδοῦ,
255 1498 471 1538 τουτέστιν
540 1484 678 1549 ἀδίκῳ
741 1507 836 1541 non
898 1493 1078 1551 liquet,
1164 1493 1222 1538 cf.
1278 1492 1562 1537 Guilelmum
1625 1490 1840 1546 Schulze,

75 1570 394 1623 Quaestiones
445 1569 627 1626 epicae,
677 1567 936 1613 Giitersloh
986 1569 1100 1614 1892
1144 1584 1184 1625 p.
1219 1567 1317 1612 174.
1380 1567 1547 1622 Poeta,
1595 1565 1642 1608 ni
1689 1564 1844 1620 fallor,

72 1643 224 1688 verbo
257 1646 495 1695 πλανοδίας
542 1643 738 1699 proprio
788 1656 930 1686 sensu
973 1657 1085 1686 usus
1135 1641 1486 1685 aberrationem
1537 1639 1770 1696 quandam
1820 1652 1846 1682 a

71 1721 205 1762 recta
221 1717 304 1762 via
327 1716 616 1773 designavit,
635 1743 677 1748 -
696 1731 798 1761 cum
815 1719 971 1772 πλάνη,
989 1719 1238 1772 πλανάομαι
1256 1716 1378 1760 hanc
1396 1730 1566 1759 vocem
1586 1714 1844 1759 cohaerere

75 1791 276 1838 Schulze
331 1791 497 1836 docuit
547 1816 605 1823 —
658 1791 708 1834 id
762 1794 836 1834 est
888 1790 1201 1847 deverticula,
1255 1777 1471 1834 tramites
1525 1792 1742 1834 secretos
1798 1792 1846 1832 et

73 1867 306 1923 occultos,
337 1880 424 1922 per
457 1879 575 1922 quos
607 1864 736 1909 fures
771 1865 979 1922 effugere
1013 1866 1188 1910 solent.
1234 1865 1366 1909 Hanc
1399 1863 1845 1920 interpretationem
1871 1890 1894 1901 v-

73 1944 263 1985 tuentur
294 1954 466 1984 versus
500 1939 656 1998 84s85:

310 2047 587 2058 .......
621 2017 675 2056 τὰ
706 2016 885 2068 κὺδιμος
918 2015 1223 2068 Ἀργειφόντης

309 2092 482 2142 ἔσπασε,
515 2090 746 2144 Πιερίηθεν
780 2091 1029 2143 ὁδοιπορίην
1063 2090 1289 2131 ἀλεείνων;

73 2177 193 2220 quae
228 2164 589 2219 (calceamenta)
623 2162 881 2208 Mercurius
915 2162 1209 2219 splendidus,
1242 2162 1428 2218 gloriae
1462 2163 1630 2218 plenus
1665 2162 1845 2218 carpsit

70 2238 180 2283 inde
222 2252 248 2282 a
291 2238 452 2283 Pieria
491 2238 731 2295 publicam
775 2238 902 2281 viam
949 2238 1153 2282 evitans.
1218 2237 1329 2282 Sine
1369 2237 1496 2281 iusta
1538 2238 1659 2282 enim
1700 2250 1845 2281 causa

70 2312 411 2368 Windischius,
433 2313 504 2356 De
539 2313 725 2370 hymnis
748 2313 1014 2357 Homericis
1047 2313 1322 2368 maioribus,
1355 2312 1547 2368 Lipsiae
1581 2314 1694 2358 1867
1718 2327 1764 2368 p.
1787 2314 1843 2357 41

70 2401 157 2443 pro
190 2386 420 2431 librorum
452 2387 692 2443 scriptura
724 2390 928 2429 ἀλεείνων
961 2386 1211 2431 substituit
1234 2390 1466 2442 ἀλεγύνων,
1490 2401 1643 2443 neque
1667 2385 1843 2430 Allenii

71 2462 356 2506 sententiam
388 2466 520 2507 recte
554 2477 605 2506 se
639 2461 817 2507 habere
850 2466 968 2519 puto
1002 2476 1150 2518 nuper
1173 2462 1322 2506 verba
1357 2465 1605 2517 ὁδοιπορίην
1640 2465 1844 2504 ἀλεείνων

71 2536 142 2580 sic
176 2536 487 2592 explicantis:
523 2537 612 2593 „Ut
646 2536 832 2580 itineris
866 2536 1166 2580 incommoda
1201 2536 1407 2580 evitaret
1438 2536 1712 2592 Mercurius,
1745 2537 1843 2580 suis

72 2610 174 2666 ipse
206 2598 411 2666 pedibus
446 2610 637 2654 calceos
672 2610 862 2666 aptavit
894 2624 1012 2667 quos
1045 2609 1200 2654 bobus
1234 2610 1281 2653 in
1324 2624 1411 2654 usu
1455 2609 1604 2654 fuisse
1639 2614 1844 2654 testatur

72 2683 280 2728 Galenus
311 2684 390 2729 VI.
423 2685 509 2730 502
554 2685 610 2740 K,
643 2684 912 2741 hominibus
957 2683 1187 2728 Arrianus
1236 2698 1310 2741 ap.
1352 2684 1483 2729 Suid.
1528 2685 1573 2728 in
1608 2699 1653 2731 v.
1686 2687 1841 2741 Λύγος,

72 2756 131 2802 cf.
155 2757 330 2802 Strabo
353 2757 482 2804 506.“
531 2758 635 2802 Non
661 2758 781 2802 enim
805 2762 1031 2815 ὁδοιπορίη
1054 2758 1298 2815 significat
1320 2759 1504 2804 itineris
1528 2760 1842 2816 incommoda,

71 2832 157 2876 sed
195 2831 302 2888 iter,
336 2835 385 2876 et
428 2831 519 2876 hoc
570 2835 643 2876 est
676 2833 722 2894 1)
770 2833 1098 2890 peregrinatio
1147 2833 1266 2889 ipsa,
1316 2833 1443 2877 actio
1491 2833 1842 2890 peregrinandi,

73 2905 131 2950 cf.
164 2906 425 2951 Herodiani
458 2906 534 2950 Ab
579 2906 793 2951 Excessit
842 2907 943 2950 divi
976 2907 1134 2963 Marci,
1170 2907 1230 2950 ed
1262 2907 1612 2963 Mendelssohn,
1646 2893 1844 2965 Leipzig

71 2981 186 3026 1883
209 2980 286 3024 IV.
311 2980 432 3037 12,6:
464 2987 522 3036 τῷ
555 2985 604 3024 δὲ
635 2983 809 3036 συνήθει
843 2985 966 3037 τάχει
999 2988 1074 3037 τῆς
1106 2986 1356 3037 ὁδοιπορίας
1388 2986 1547 3025 ἐκεῖνοι
1578 2987 1842 3039 χρησάμενοι

71 3058 319 3109 ἐφίστανται
352 3061 410 3110 τῷ
443 3057 692 3110 Ἀντωνίνῳ.
727 3057 773 3113 2)
809 3055 926 3099 illud
970 3056 1188 3112 spatium,
1225 3057 1351 3113 quod
1398 3057 1562 3101 viator
1606 3057 1841 3114 emetitur,

73 3128 132 3174 of.
155 3129 332 3174 ibidem
364 3130 445 3174 III.
469 3133 510 3186 8,
533 3134 590 3176 3:
623 3134 781 3183 ἀνὺσας
814 3134 866 3186 δὴ
899 3133 1047 3186 πολλῷ
1096 3134 1219 3187 τάχει
1267 3135 1343 3187 τὴν
1385 3135 1652 3187 ὁδοιπορίαν,
1701 3135 1842 3187 ὥσπερ

67 3201 119 3259 ἧν
141 3206 245 3256 ἔθος
267 3206 395 3259 αὐτῷ.
429 3206 476 3260 3)
509 3204 604 3261 via,
628 3218 720 3262 qua
742 3205 822 3248 ille
846 3204 1142 3261 progeditur,
1167 3204 1227 3251 cf.
1250 3206 1545 3250 Herodotum
1566 3206 1694 3251 VIII.
1728 3208 1842 3252 118:

0 3310 3 3312 -
72 3279 270 3320 ἐνθεῦτεν
304 3280 449 3320 οὐκετι
482 3282 751 3334 ὁδοιπορίῃσι
785 3283 1003 3334 διεχρᾶτο,
1039 3282 1154 3322 ἀλλὰ
1187 3283 1261 3335 τὴν
1296 3283 1370 3335 μὲν
1404 3283 1604 3336 στρατιὴν
1650 3284 1843 3335 Ὑδάρνεϊ

72 3354 292 3406 ἐπιτράπει
338 3355 520 3407 ἀπάγειν
566 3357 610 3404 ἐς
654 3356 726 3396 τὀν
759 3356 1092 3408 Ἑλλήσποντον,
1127 3356 1256 3406 αὐτὸς
1297 3357 1335 3397 δ’
1378 3358 1445 3397 ἐπὶ
1485 3357 1581 3407 νεὸς
1612 3358 1841 3411 Φοινίσσης

71 3428 216 3478 ἐπιβὰς
239 3429 466 3480 ἐκομίζετο
489 3430 533 3478 ἐς
555 3430 630 3482 τὴν
654 3430 814 3482 Ἀσίην.
839 3430 1082 3483 ὁδοιπορίαι
1104 3427 1249 3485 igitur
1271 3429 1525 3473 secundum
1548 3429 1840 3475 Herodotum

1872 2335 1896 2343 Q
