2274 4036
413 437 570 498 atque
611 430 917 497 Allegreum
957 435 1099 482 recte
1140 429 1466 498 suspicatum
1509 444 1629 483 esse
1647 428 1719 500 ³4)
1761 434 1887 497 puto
1943 429 2183 497 praemia

412 520 478 572 ab
519 519 772 587 Apolline
812 519 1076 587 promissa
1117 518 1186 571 ad
1226 517 1479 585 fingenda
1519 517 1840 586 Sophoclem
1894 517 2184 572 adduxisse

412 608 592 678 hymni
634 625 818 661 versus
860 608 1130 675 263s264:

560 704 656 754 οὐκ
694 701 821 767 ἴδον,
864 703 923 753 οὐ
963 701 1223 770 πυθόμην,
1266 702 1362 751 οὐκ
1402 699 1566 751 ἄλλου
1608 701 1774 768 μῦθον
1815 701 2030 752 ἄκουσα·

562 793 657 842 οὐκ
697 792 757 842 ἂν
800 786 1092 859 μηνύσαιμ’,
1135 792 1230 841 οὐκ
1270 790 1331 840 ἂν
1373 788 1622 857 μήνυτρον
1663 789 1893 858 ἀροίμην·

413 877 678 944 Hymnum
697 876 868 944 igitur,
891 876 943 927 ni
967 875 1138 944 fallor,
1163 875 1288 927 licet
1316 874 1570 927 adhibere
1598 881 1788 927 testem
1817 876 2184 946 certissimum,

414 982 517 1032 quo
577 965 828 1034 probetur
887 982 953 1017 ex
1012 963 1114 1017 hoc
1168 963 1314 1016 sonte
1355 962 1680 1031 Sophoclem
1735 963 1995 1032 hausisse,
2038 965 2186 1018 cuius

414 1054 629 1106 fabulae
670 1054 822 1122 ipsae
865 1053 1257 1122 discrepantiae
1313 1052 1545 1104 maxima
1587 1069 1653 1104 ex
1705 1058 1855 1120 parte
1907 1053 1977 1106 ad
2026 1070 2184 1107 unum

413 1143 662 1210 idemque
705 1149 757 1195 et
798 1142 927 1195 furis
970 1147 1021 1195 et
1050 1142 1284 1211 praedae
1311 1141 1575 1209 refugium
1616 1141 1955 1196 revocandae
1996 1142 2190 1197 docent

417 1232 667 1302 mythum,
729 1233 818 1300 qui
877 1232 943 1284 de
1003 1232 1175 1284 bubus
1231 1231 1497 1300 Apollinis
1551 1231 1917 1299 Mercurioque
1975 1239 2188 1302 raptore

415 1322 700 1391 ferebatur,
732 1328 843 1374 arte
873 1330 1134 1374 conexum
1177 1320 1342 1373 fuisse
1385 1337 1500 1373 cum
1542 1321 1660 1374 loco
1702 1307 1931 1388 quodam
1971 1322 2025 1374 in
2053 1322 2189 1391 Pylo

416 1411 694 1481 Triphylia
735 1428 907 1480 prope
941 1410 1207 1479 Alpheum
1247 1409 1443 1462 flumen
1485 1410 1602 1478 sito,
1643 1412 1686 1464 E
1728 1409 1859 1463 545:

565 1544 574 1553 .
620 1544 629 1553 .
676 1545 683 1554 .
731 1546 741 1557 .
783 1507 837 1566 ὃς
877 1499 920 1556 τ’
964 1507 1083 1573 εὐρὺ
1125 1503 1225 1572 ῥέει
1266 1503 1474 1555 Πυλίων
1516 1503 1600 1554 διὰ
1639 1503 1808 1571 γαίης,

416 1592 503 1643 ubi
532 1591 820 1643 Mercurius
863 1590 1071 1642 duabus
1111 1590 1283 1642 bubus
1322 1589 1568 1641 mactatis
1610 1588 1908 1656 ceterisque
1947 1589 1999 1641 in
2038 1596 2189 1643 antro

417 1680 648 1748 quodam
691 1680 970 1732 occultatis
1010 1680 1127 1748 ipse
1157 1696 1214 1732 se
1243 1679 1378 1731 inter
1405 1678 1685 1731 duodecim
1717 1677 1848 1731 deos
1875 1679 2188 1732 numeravit.

418 1773 499 1824 De
527 1771 662 1840 Pylo
705 1776 880 1823 autem
910 1770 1210 1838 Homerica,
1241 1770 1330 1822 ubi
1359 1769 1493 1822 haec
1523 1768 1788 1822 accidisse
1817 1775 1979 1838 poeta
2009 1770 2191 1839 epicus

416 1866 611 1928 narrat,
643 1861 869 1914 virorum
900 1860 1172 1913 doctorum
1203 1859 1501 1912 sententiae
1531 1858 1861 1928 discrepant,
1893 1859 2192 1913 accuratius

416 1951 572 2018 igitur
611 1951 663 2003 in
706 1950 844 2003 hunc
885 1951 1059 2003 locum
1099 1949 1443 2016 inquiramus

748 2147 847 2199 De
906 2144 1276 2198 Mercurii
1337 2148 1558 2196 antro
1619 2143 1861 2212 Pylio.

597 2281 661 2333 K.
706 2280 765 2333 O.
810 2279 1050 2332 Muelleri
1103 2279 1420 2331 sententiam
1472 2279 1741 2330 censentis
1796 2293 1964 2346 prope
2006 2275 2195 2346 Pylum

419 2371 806 2423 Messeniacarn
851 2369 994 2438 apud
1025 2369 1413 2438 Coryphasium
1452 2367 1554 2420 hoc
1595 2372 1799 2420 antrum
1840 2366 2024 2435 tuisse,
2054 2371 2192 2435 post-

421 2477 578 2527 quam
631 2477 806 2528 paene
866 2460 1114 2511 universe
1168 2457 1496 2526 aliquamdiu
1556 2461 1774 2525 recepta
1830 2461 1926 2525 est,
1985 2455 2199 2508 invictis

422 2549 600 2601 allatis
643 2548 967 2615 argumentis
1007 2565 1176 2616 nuper
1215 2546 1465 2618 refutavit
1496 2544 1933 2616 Ludwichius,³5)
1974 2559 2199 2612 quocum

597 2738 652 2792 34)
689 2739 746 2783 cf.
779 2754 824 2794 p.
858 2740 958 2784 248.
994 2739 1249 2795 Prologum
1286 2739 1346 2782 ad
1377 2738 1645 2794 fingendum
1681 2737 1970 2794 Sophoclem
2002 2736 2200 2779 multum

423 2813 667 2857 adiuvisse
703 2814 886 2858 Phoebi
938 2828 1039 2857 cum
1090 2828 1202 2858 sene
1250 2813 1508 2858 Onchestio
1553 2813 1844 2869 colloquium
1892 2811 2045 2855 minus
2089 2810 2203 2854 mihi
2255 2863 2259 2866 ν

422 2889 615 2932 videtur
646 2887 924 2944 probabile3
960 2892 1008 2931 et
1040 2887 1177 2931 huius
1213 2891 1260 2932 et
1293 2887 1422 2932 alitis
1458 2901 1502 2931 v.
1535 2889 1622 2932 213
1653 2890 1816 2943 partes
1851 2884 1978 2941 apud
2009 2887 2202 2940 poetam

423 2963 694 3006 scaenicum
731 2963 882 3020 satyri
917 2962 1170 3006 sustinent.

600 3036 654 3091 35)
690 3038 720 3082 1.
757 3051 794 3079 s
829 3051 864 3080 s.
899 3051 945 3093 p.
981 3037 1067 3079 100
1112 3051 1214 3092 sqq.
1255 3036 1311 3078 K.
1351 3035 1400 3082 Ο.
1437 3034 1691 3078 Muellerus
1737 3046 1868 3077 suam
1920 3031 2205 3077 sententiam

422 3111 624 3167 protulit
685 3111 729 3153 in
792 3111 876 3154 Ed.
940 3110 1172 3154 Gerhardi
1223 3106 1921 3167 „Hyperboreiseh-Romische
1977 3105 2203 3151 Studien“

423 3187 457 3241 I,
492 3186 652 3229 Berlin
699 3186 827 3240 1833,
860 3200 906 3241 p.
943 3186 1031 3231 310
1073 3199 1175 3241 sqq.
1223 3183 1453 3228 Antonini
1502 3182 1740 3226 Liberalis
1784 3181 2010 3226 versione
2061 3179 2206 3241 nisus,

425 3261 481 3304 dc
530 3274 618 3316 qua
664 3260 774 3304 vide
810 3259 916 3303 adn.
953 3263 1007 3305 19
1041 3274 1084 3315 p.
1122 3263 1190 3305 12.
1254 3258 1419 3302 Utrum
1468 3271 1639 3301 nomen
1673 3256 1822 3313 Pylus
1871 3255 2028 3300 locum
2075 3253 2200 3297 desi-

425 3335 648 3391 gnaverit
698 3348 754 3377 an
790 3338 977 3389 gentem
1012 3332 1094 3390 (cf.
1130 3333 1213 3377 Ed.
1246 3332 1421 3390 Meyer,
1457 3330 1747 3375 Geschichte
1799 3329 1883 3373 des
1917 3327 2204 3374 Altertums,

426 3410 667 3467 Stuttgurt
710 3410 823 3454 1893
860 3409 899 3451 11
935 3413 958 3462 ξ
990 3409 1061 3463 45,
1095 3422 1139 3465 p.
1176 3407 1266 3465 70),
1300 3421 1392 3451 non
1433 3405 1627 3452 multum
1662 3403 1723 3449 ad
1755 3417 1851 3450 rem
1885 3401 2030 3460 facit,
2078 3400 2207 3461 apud
