2274 4036
786 256 1132 310 —53—

74 448 269 518 pedem
309 449 362 501 in
415 449 791 518 respondentis
842 479 907 489 -—-
958 451 1013 503 id
1069 456 1149 504 est
1205 452 1271 504 ab
1321 452 1510 505 eodem
1566 454 1734 507 latere
1776 487 1843 493 —-

74 537 265 606 prioris
316 538 545 605 vestigio
604 555 805 607 ponere
855 539 1056 606 solent3
1136 540 1413 593 anterioris
1468 541 1627 609 igitur
1678 543 1846 597 cuius-

74 642 175 693 que
258 627 490 693 ungulae
569 627 849 695 impressio
929 627 1327 696 comprehendit
1404 635 1456 682 et
1535 632 1846 699 posterioris
1895 656 1898 661 ·

72 714 372 783 vestigium,
402 715 551 768 cuius
580 733 673 768 ora
713 716 934 768 alteram
973 734 1079 768 non
1121 723 1366 770 accurate
1408 720 1706 788 complexa,
1750 720 1847 773 sed

72 803 160 855 vel
218 803 287 855 ad
346 803 587 856 dextram
645 805 734 857 vel
794 804 863 857 ad
923 805 1187 858 sinistram
1240 812 1443 859 mutata
1503 809 1740 876 corporis
1793 814 1846 861 et

70 892 425 945 membrorum
454 893 653 945 indicat
679 894 902 961 figuram
932 912 964 946 a
989 911 1176 946 norma
1204 894 1518 948 desciscere.
1579 897 1843 950 Juvenum

73 986 249 1034 autem
292 982 598 1034 animalium
628 982 798 1050 pedes
826 983 1168 1051 posteriores,
1199 985 1486 1053 molliores,
1516 986 1842 1055 mobilioreS,

71 1071 382 1138 graciliores
457 1077 604 1124 trans
677 1072 909 1140 priorum
988 1072 1218 1140 vestigia
1295 1079 1488 1125 terram
1561 1075 1842 1144 attingunt,

72 1165 332 1226 quaterna
370 1160 530 1227 igitur
571 1161 795 1227 singulis
836 1160 1090 1228 gradibus
1119 1161 1320 1214 faciunt
1346 1163 1592 1231 vestigia,
1623 1180 1843 1230 quorum

70 1249 250 1317 priora
290 1266 357 1301 ex
397 1250 783 1317 posterioribus
823 1251 1037 1318 ungulis
1067 1257 1183 1303 orta
1212 1258 1345 1304 sunt.
1408 1252 1639 1315 Quarum
1668 1270 1841 1305 rerum

69 1338 328 1406 notitiam,
388 1355 544 1404 quam
598 1355 699 1406 ego
760 1339 1031 1392 Friderico
1093 1340 1358 1393 Guilelmo
1423 1340 1598 1394 Grebe
1651 1342 1840 1410 debeO,

69 1427 182 1480 viro
225 1427 535 1480 doctissimo
577 1427 981 1494 medicinaeque
1022 1430 1373 1482 veterinariae
1414 1431 1754 1500 peritissimo,
1776 1432 1841 1499 ⁹2)

69 1516 366 1585 Sophocles
419 1517 531 1570 sine
593 1517 754 1570 dubio
811 1524 862 1570 61
921 1519 1038 1587 ipse
1105 1519 1338 1571 habebat
1398 1526 1450 1572 et
1510 1526 1842 1588 spectatores

68 1605 268 1658 habere·
302 1622 409 1658 non
463 1606 760 1673 ignorabat.
841 1605 1104 1673 Sequitur,
1161 1612 1218 1658 ut
1270 1612 1333 1661 τὰ
1372 1609 1602 1678 πρόσθεν
1642 1626 1690 1660 V.
1738 1608 1842 1659 114

66 1711 172 1746 11011
214 1695 476 1762 significet
501 1701 564 1750 τὰ
591 1705 691 1751 τῶν
726 1699 955 1767 πρόσθεν
991 1699 1166 1751 ὁπλῶν
1202 1699 1420 1769 βήματα,
1450 1696 1582 1748 11366
1611 1697 1766 1765 enim,
1797 1697 1841 1749 si

68 1782 280 1849 quidem
310 1782 380 1835 ad
408 1783 620 1836 adultas
647 1784 913 1851 pertinent
940 1785 1124 1852 boves,
1148 1785 1500 1852 posteriorum
1523 1786 1839 1853 ungularum

66 1872 308 1939 vestigiis
339 1889 372 1924 a
399 1879 690 1941 conspectu
733 1873 948 1926 obtecta
986 1874 1132 1926 nullo
1174 1873 1333 1926 modo
1364 1874 1430 1926 ab
1460 1874 1567 1927 illis
1596 1874 1839 1942 dignosci

66 1967 307 2028 possunt.
369 1962 586 2014 Roberti
614 1963 772 2030 igitur
814 1963 1130 2015 sententiam
1173 1964 1440 2016 censentis
1467 1965 1839 2016 nonnullarum

67 2050 354 2102 bestiarum
415 2051 620 2119 priores
679 2051 848 2119 pedes
906 2058 1046 2104 retro
1100 2052 1272 2105 flexos
1324 2053 1490 2106 fuisse
1545 2059 1686 2106 stare
1733 2071 1839 2106 non

65 2155 226 2206 posse
279 2146 519 2207 apparet.
602 2140 798 2192 Contra
848 2141 1173 2208 posteriores
1223 2142 1456 2209 ungulae
1510 2148 1741 2194 retortae
1781 2159 1837 2194 re

64 2245 193 2281 vera
251 2230 569 2282 anteriorum
637 2232 839 2302 βήματα
902 2230 1067 2282 bifida
1130 2231 1306 2300 priore
1363 2216 1473 2283 ora·
1520 2231 1837 2283 rotundatae

65 2319 345 2386 posteriori
403 2319 666 2387 impressa
721 2325 773 2371 et
827 2319 1054 2372 invicem
1106 2320 1158 2371 in
1198 2326 1338 2372 retro
1381 2321 1682 2389 spectantia
1720 2337 1835 2389 per-

64 2414 269 2460 mutare
298 2414 571 2478 poterant3
613 2409 791 2461 verbis
831 2413 915 2474 εἰς
941 2413 1168 2464 τούπίσω
1208 2415 1271 2464 τὰ
1309 2414 1539 2482 πρόσθεν
1578 2414 1834 2482 ἤλλακται

65 2497 231 2564 satyri
271 2496 398 2563 quid
435 2497 534 2549 hac
576 2498 784 2550 actione
814 2498 1058 2550 effectum
1089 2498 1171 2566 sit,
1203 2499 1477 2566 aptissime
1507 2500 1835 2568 exprimunt3

64 2584 247 2637 vident
287 2586 426 2637 enim
466 2586 659 2654 priora,
699 2586 753 2638 id
794 2592 876 2638 est
916 2587 1208 2639 anteriores
1248 2588 1595 2655 vestigiorum
1636 2595 1834 2657 partes,

64 2673 118 2737 in
156 2679 296 2726 retro
337 2674 659 2742 pertinentia
699 2683 971 2728 conversa.

239 2763 588 2816 Iuvencarum
631 2769 807 2816 autem
848 2769 905 2817 et
946 2764 1225 2817 vitulorum
1246 2765 1310 2831 93)
1352 2765 1582 2833 vestigia
1621 2766 1835 2834 ungulis

63 2851 442 2919 posterioribus
499 2858 637 2906 retro
695 2852 849 2905 flexis
906 2854 1213 2907 necessario
1271 2855 1408 2907 inter
1462 2871 1520 2907 se
1573 2855 1734 2908 obvia
1785 2860 1837 2908 et

61 2938 259 2992 innexa
299 2957 435 3010 esse,
464 2941 516 2992 in
560 2942 850 2994 contrarias
890 2947 1071 3010 partes
1112 2942 1249 2995 ferre
1291 2943 1484 3012 satyris
1511 2927 1865 2997 intuentibus

239 3115 296 3173 92)
328 3118 596 3162 Venatores
645 3117 784 3161 huius
833 3117 907 3162 rei
954 3131 1049 3162 non
1096 3122 1205 3162 sunt
1247 3118 1428 3177 ignari3
1478 3118 1534 3163 de
1585 3133 1834 3164 cervorum

62 3189 251 3234 incessu
296 3194 344 3235 et
389 3192 613 3248 vestigiis
658 3190 802 3235 simili
848 3192 991 3236 modo
1041 3192 1359 3248 atqueboum
1394 3193 1513 3237 ortis
1546 3193 1698 3237 fusius
1733 3194 1833 3250 egit

62 3263 116 3307 E.
139 3278 185 3309 v.
209 3265 253 3310 d.
275 3264 450 3322 Bosch,
482 3265 708 3310 Fahrten-
739 3266 834 3310 und
858 3265 1214 3322 Spurenkunde,
1238 3267 1401 3311 Berlin
1434 3267 1549 3312 1886
1580 3282 1626 3323 p.
1648 3268 1706 3311 20
1728 3281 1833 3324 sqq.

238 3337 292 3393 93)
328 3338 387 3382 cf.
437 3339 526 3383 col.
573 3339 594 3382 I
648 3354 693 3383 v.
742 3340 788 3397 63
852 3339 1166 3396 vestigiorum
1219 3339 1417 3386 formam
1466 3340 1700 3398 descripsi
1752 3339 1831 3400 fig.

0 3462 2 3465 ,
61 3410 269 3455 111-v1.
