<?xml version="1.0" encoding="UTF-8"?>
<!DOCTYPE html PUBLIC "-//W3C//DTD XHTML 1.0 Transitional//EN"
    "http://www.w3.org/TR/xhtml1/DTD/xhtml1-transitional.dtd">
<html xmlns="http://www.w3.org/1999/xhtml" xml:lang="en" lang="en">
 <head>
  <title>
</title>
<meta http-equiv="Content-Type" content="text/html;charset=utf-8" />
  <meta name='ocr-system' content='tesseract 3.04.00' />
  <meta name='ocr-capabilities' content='ocr_page ocr_carea ocr_par ocr_line ocrx_word'/>
</head>
<body>
  <div class='ocr_page' id='page_1' title='image "./quaeratiointerce00koetuoft_0105.png"; bbox 0 0 2274 4036; ppageno 0'>
   <div class='ocr_carea' id='block_1_1' title="bbox 1912 456 1931 481">
    <p class='ocr_par' dir='ltr' id='par_1_1' title="bbox 1912 456 1931 481">
     <span class='ocr_line' id='line_1_1' title="bbox 1912 456 1931 481; baseline 0 0"><span class='ocrx_word' id='word_1_1' title='bbox 1912 456 1931 481; x_wconf 50' lang='lat' dir='ltr'>Q</span> 
     </span>
    </p>
   </div>
   <div class='ocr_carea' id='block_1_2' title="bbox 241 523 2024 1039">
    <p class='ocr_par' dir='ltr' id='par_1_2' title="bbox 241 523 2024 1039">
     <span class='ocr_line' id='line_1_2' title="bbox 245 523 2024 596; baseline -0.001 -18"><span class='ocrx_word' id='word_1_2' title='bbox 245 541 371 579; x_wconf 88' lang='lat' dir='ltr'><strong>vero</strong></span> <span class='ocrx_word' id='word_1_3' title='bbox 410 541 826 596; x_wconf 77' lang='lat' dir='ltr'><strong>nonnumquam,</strong></span> <span class='ocrx_word' id='word_1_4' title='bbox 870 542 988 578; x_wconf 88' lang='lat' dir='ltr'><strong>cum</strong></span> <span class='ocrx_word' id='word_1_5' title='bbox 1029 526 1325 594; x_wconf 87' lang='lat' dir='ltr'><strong>intraveris,</strong></span> <span class='ocrx_word' id='word_1_6' title='bbox 1370 523 1764 578; x_wconf 89' lang='lat' dir='ltr'><strong>animadvertes</strong></span> <span class='ocrx_word' id='word_1_7' title='bbox 1799 541 1855 577; x_wconf 89' lang='lat' dir='ltr'><strong>re</strong></span> <span class='ocrx_word' id='word_1_8' title='bbox 1896 541 2024 577; x_wconf 88' lang='lat' dir='ltr'><strong>vera</strong></span> 
     </span>
     <span class='ocr_line' id='line_1_3' title="bbox 245 614 2021 683; baseline -0.001 -15"><span class='ocrx_word' id='word_1_9' title='bbox 245 614 415 668; x_wconf 88' lang='lat' dir='ltr'><strong>solum</strong></span> <span class='ocrx_word' id='word_1_10' title='bbox 465 615 589 667; x_wconf 89' lang='lat' dir='ltr'><strong>inde</strong></span> <span class='ocrx_word' id='word_1_11' title='bbox 650 632 682 667; x_wconf 89' lang='lat' dir='ltr'><strong>a</strong></span> <span class='ocrx_word' id='word_1_12' title='bbox 721 615 810 668; x_wconf 90' lang='lat' dir='ltr'><strong>vel</strong></span> <span class='ocrx_word' id='word_1_13' title='bbox 862 615 1074 668; x_wconf 82' lang='lat' dir='ltr'><strong>introitu</strong></span> <span class='ocrx_word' id='word_1_14' title='bbox 1129 616 1217 668; x_wconf 87' lang='lat' dir='ltr'><strong>vel</strong></span> <span class='ocrx_word' id='word_1_15' title='bbox 1268 615 1560 683; x_wconf 88' lang='lat' dir='ltr'><strong>posteriore</strong></span> <span class='ocrx_word' id='word_1_16' title='bbox 1616 614 1847 681; x_wconf 91' lang='lat' dir='ltr'><strong>quodam</strong></span> <span class='ocrx_word' id='word_1_17' title='bbox 1901 615 2021 666; x_wconf 87' lang='lat' dir='ltr'><strong>loco</strong></span> 
     </span>
     <span class='ocr_line' id='line_1_4' title="bbox 243 703 2020 773; baseline -0.001 -17"><span class='ocrx_word' id='word_1_18' title='bbox 243 703 401 756; x_wconf 85' lang='lat' dir='ltr'><strong>altius</strong></span> <span class='ocrx_word' id='word_1_19' title='bbox 453 703 688 771; x_wconf 78' lang='lat' dir='ltr'><strong>demitti3</strong></span> <span class='ocrx_word' id='word_1_20' title='bbox 745 710 895 756; x_wconf 88' lang='lat' dir='ltr'><strong>antra</strong></span> <span class='ocrx_word' id='word_1_21' title='bbox 935 704 1004 756; x_wconf 91' lang='lat' dir='ltr'><strong>ad</strong></span> <span class='ocrx_word' id='word_1_22' title='bbox 1050 704 1488 773; x_wconf 88' lang='lat' dir='ltr'><strong>perpendiculum</strong></span> <span class='ocrx_word' id='word_1_23' title='bbox 1529 703 1639 756; x_wconf 89' lang='lat' dir='ltr'><strong>fere</strong></span> <span class='ocrx_word' id='word_1_24' title='bbox 1679 704 1731 755; x_wconf 92' lang='lat' dir='ltr'><strong>in</strong></span> <span class='ocrx_word' id='word_1_25' title='bbox 1787 708 2020 755; x_wconf 88' lang='lat' dir='ltr'><strong>montem</strong></span> 
     </span>
     <span class='ocr_line' id='line_1_5' title="bbox 242 791 2019 861; baseline -0.002 -16"><span class='ocrx_word' id='word_1_26' title='bbox 242 793 578 861; x_wconf 79' lang='lat' dir='ltr'><strong>pertinentia,</strong></span> <span class='ocrx_word' id='word_1_27' title='bbox 623 809 689 844; x_wconf 84' lang='lat' dir='ltr'><strong>ex</strong></span> <span class='ocrx_word' id='word_1_28' title='bbox 732 809 950 860; x_wconf 90' lang='lat' dir='ltr'><strong>quorum</strong></span> <span class='ocrx_word' id='word_1_29' title='bbox 993 793 1138 845; x_wconf 91' lang='lat' dir='ltr'><strong>aditu</strong></span> <span class='ocrx_word' id='word_1_30' title='bbox 1178 792 1420 845; x_wconf 88' lang='lat' dir='ltr'><strong>homines</strong></span> <span class='ocrx_word' id='word_1_31' title='bbox 1462 792 1619 844; x_wconf 90' lang='lat' dir='ltr'><strong>simili</strong></span> <span class='ocrx_word' id='word_1_32' title='bbox 1659 791 1817 845; x_wconf 89' lang='lat' dir='ltr'><strong>modo</strong></span> <span class='ocrx_word' id='word_1_33' title='bbox 1859 808 2019 843; x_wconf 88' lang='lat' dir='ltr'><strong>emer-</strong></span> 
     </span>
     <span class='ocr_line' id='line_1_6' title="bbox 241 879 2022 950; baseline -0.001 -17"><span class='ocrx_word' id='word_1_34' title='bbox 241 886 372 948; x_wconf 82' lang='lat' dir='ltr'><strong>gunt</strong></span> <span class='ocrx_word' id='word_1_35' title='bbox 412 889 569 948; x_wconf 89' lang='lat' dir='ltr'><strong>atque</strong></span> <span class='ocrx_word' id='word_1_36' title='bbox 599 881 879 935; x_wconf 86' lang='lat' dir='ltr'><strong>Charontis</strong></span> <span class='ocrx_word' id='word_1_37' title='bbox 921 882 1184 934; x_wconf 85' lang='lat' dir='ltr'><strong>scalarum</strong></span> <span class='ocrx_word' id='word_1_38' title='bbox 1221 899 1324 950; x_wconf 90' lang='lat' dir='ltr'><strong>ope</strong></span> <span class='ocrx_word' id='word_1_39' title='bbox 1366 882 1583 933; x_wconf 79' lang='lat' dir='ltr'><strong>umbrae</strong></span> <span class='ocrx_word' id='word_1_40' title='bbox 1622 881 1838 948; x_wconf 88' lang='lat' dir='ltr'><strong>rariora,</strong></span> <span class='ocrx_word' id='word_1_41' title='bbox 1881 879 2022 947; x_wconf 90' lang='lat' dir='ltr'><strong>quod</strong></span> 
     </span>
     <span class='ocr_line' id='line_1_7' title="bbox 242 970 2020 1039; baseline -0.001 -17"><span class='ocrx_word' id='word_1_42' title='bbox 242 971 424 1039; x_wconf 87' lang='lat' dir='ltr'><strong>sciam,</strong></span> <span class='ocrx_word' id='word_1_43' title='bbox 483 971 722 1038; x_wconf 68' lang='lat' dir='ltr'><strong>sunt149).</strong></span> <span class='ocrx_word' id='word_1_44' title='bbox 812 970 1274 1034; x_wconf 80' lang='lat' dir='ltr'><strong>Quemadmodum</strong></span> <span class='ocrx_word' id='word_1_45' title='bbox 1344 971 1510 1037; x_wconf 88' lang='lat' dir='ltr'><strong>quinti</strong></span> <span class='ocrx_word' id='word_1_46' title='bbox 1565 970 1769 1022; x_wconf 90' lang='lat' dir='ltr'><strong>saeculi</strong></span> <span class='ocrx_word' id='word_1_47' title='bbox 1827 975 2020 1038; x_wconf 88' lang='lat' dir='ltr'><strong>poetae</strong></span> 
     </span>
    </p>
   </div>
   <div class='ocr_carea' id='block_1_3' title="bbox 240 1161 2020 1664">
    <p class='ocr_par' dir='ltr' id='par_1_3' title="bbox 240 1161 2020 1664">
     <span class='ocr_line' id='line_1_8' title="bbox 424 1161 2019 1219; baseline -0.001 -14"><span class='ocrx_word' id='word_1_48' title='bbox 424 1162 498 1217; x_wconf 76' lang='lat'>149)</span> <span class='ocrx_word' id='word_1_49' title='bbox 532 1163 773 1207; x_wconf 86' lang='lat' dir='ltr'><strong>Robertus</strong></span> <span class='ocrx_word' id='word_1_50' title='bbox 807 1162 900 1206; x_wconf 93' lang='lat' dir='ltr'><strong>hoc</strong></span> <span class='ocrx_word' id='word_1_51' title='bbox 941 1162 1150 1206; x_wconf 82' lang='lat' dir='ltr'><strong>sensisse</strong></span> <span class='ocrx_word' id='word_1_52' title='bbox 1195 1162 1407 1219; x_wconf 70' lang='lat' dir='ltr'><strong>videtur,</strong></span> <span class='ocrx_word' id='word_1_53' title='bbox 1451 1161 1531 1204; x_wconf 91' lang='lat' dir='ltr'><strong>ille</strong></span> <span class='ocrx_word' id='word_1_54' title='bbox 1568 1161 1688 1204; x_wconf 91' lang='lat' dir='ltr'><strong>enim</strong></span> <span class='ocrx_word' id='word_1_55' title='bbox 1721 1174 1765 1217; x_wconf 89' lang='lat' dir='ltr'><strong>p.</strong></span> <span class='ocrx_word' id='word_1_56' title='bbox 1799 1161 1886 1206; x_wconf 78' lang='lat'><strong>538</strong></span> <span class='ocrx_word' id='word_1_57' title='bbox 1918 1174 2019 1217; x_wconf 52' lang='lat' dir='ltr'><strong>sqq,</strong></span> 
     </span>
     <span class='ocr_line' id='line_1_9' title="bbox 240 1235 2019 1291; baseline -0.001 -12"><span class='ocrx_word' id='word_1_58' title='bbox 240 1236 518 1281; x_wconf 81' lang='lat' dir='ltr'><strong>Mercurium</strong></span> <span class='ocrx_word' id='word_1_59' title='bbox 552 1236 672 1281; x_wconf 84' lang='lat' dir='ltr'><strong>facit</strong></span> <span class='ocrx_word' id='word_1_60' title='bbox 703 1237 998 1281; x_wconf 79' lang='lat' dir='ltr'><strong>habitantem</strong></span> <span class='ocrx_word' id='word_1_61' title='bbox 1031 1236 1080 1280; x_wconf 93' lang='lat' dir='ltr'><strong>in</strong></span> <span class='ocrx_word' id='word_1_62' title='bbox 1112 1241 1268 1280; x_wconf 89' lang='lat' dir='ltr'><strong>terrae</strong></span> <span class='ocrx_word' id='word_1_63' title='bbox 1302 1236 1448 1291; x_wconf 89' lang='lat' dir='ltr'><strong>hiatu,</strong></span> <span class='ocrx_word' id='word_1_64' title='bbox 1490 1236 1621 1280; x_wconf 89' lang='lat' dir='ltr'><strong>cuius</strong></span> <span class='ocrx_word' id='word_1_65' title='bbox 1656 1236 1703 1278; x_wconf 94' lang='lat' dir='ltr'><strong>in</strong></span> <span class='ocrx_word' id='word_1_66' title='bbox 1736 1235 2019 1290; x_wconf 84' lang='lat' dir='ltr'><strong>fragmentis</strong></span> 
     </span>
     <span class='ocr_line' id='line_1_10' title="bbox 241 1309 2019 1368; baseline -0.002 -13"><span class='ocrx_word' id='word_1_67' title='bbox 241 1310 381 1355; x_wconf 87' lang='lat' dir='ltr'><strong>nobis</strong></span> <span class='ocrx_word' id='word_1_68' title='bbox 430 1311 637 1355; x_wconf 85' lang='lat' dir='ltr'><strong>servatis</strong></span> <span class='ocrx_word' id='word_1_69' title='bbox 686 1326 743 1355; x_wconf 90' lang='lat' dir='ltr'><strong>nc</strong></span> <span class='ocrx_word' id='word_1_70' title='bbox 792 1311 1052 1368; x_wconf 83' lang='lat' dir='ltr'><strong>vestigium</strong></span> <span class='ocrx_word' id='word_1_71' title='bbox 1101 1310 1290 1368; x_wconf 89' lang='lat' dir='ltr'><strong>quidem</strong></span> <span class='ocrx_word' id='word_1_72' title='bbox 1339 1314 1512 1358; x_wconf 80' lang='lat' dir='ltr'><strong>exstat.</strong></span> <span class='ocrx_word' id='word_1_73' title='bbox 1577 1309 1892 1354; x_wconf 79' lang='lat' dir='ltr'><strong>Coniecturae</strong></span> <span class='ocrx_word' id='word_1_74' title='bbox 1929 1310 2019 1353; x_wconf 92' lang='lat' dir='ltr'><strong>col.</strong></span> 
     </span>
     <span class='ocr_line' id='line_1_11' title="bbox 240 1385 2019 1443; baseline -0.001 -15"><span class='ocrx_word' id='word_1_75' title='bbox 240 1385 367 1429; x_wconf 88' lang='lat' dir='ltr'>VIII.</span> <span class='ocrx_word' id='word_1_76' title='bbox 401 1388 460 1431; x_wconf 85' lang='grc'>24</span> <span class='ocrx_word' id='word_1_77' title='bbox 491 1400 536 1429; x_wconf 85' lang='lat' dir='ltr'><strong>v.</strong></span> <span class='ocrx_word' id='word_1_78' title='bbox 570 1387 656 1431; x_wconf 87' lang='grc'><strong>206</strong></span> <span class='ocrx_word' id='word_1_79' title='bbox 691 1390 835 1443; x_wconf 76' lang='grc' dir='ltr'>στέγη,</span> <span class='ocrx_word' id='word_1_80' title='bbox 879 1386 960 1429; x_wconf 91' lang='grc' dir='ltr'><strong>ΙΧ.</strong></span> <span class='ocrx_word' id='word_1_81' title='bbox 992 1387 1048 1432; x_wconf 84' lang='grc'>23</span> <span class='ocrx_word' id='word_1_82' title='bbox 1082 1401 1127 1430; x_wconf 88' lang='lat' dir='ltr'><strong>V.</strong></span> <span class='ocrx_word' id='word_1_83' title='bbox 1161 1386 1247 1432; x_wconf 85' lang='lat'><strong>232</strong></span> <span class='ocrx_word' id='word_1_84' title='bbox 1281 1389 1426 1440; x_wconf 78' lang='grc' dir='ltr'>στέγῃ,</span> <span class='ocrx_word' id='word_1_85' title='bbox 1471 1385 1527 1428; x_wconf 89' lang='grc' dir='ltr'><strong>Χ.</strong></span> <span class='ocrx_word' id='word_1_86' title='bbox 1561 1386 1617 1430; x_wconf 81' lang='grc'>25</span> <span class='ocrx_word' id='word_1_87' title='bbox 1651 1399 1697 1427; x_wconf 86' lang='lat' dir='ltr'><strong>V.</strong></span> <span class='ocrx_word' id='word_1_88' title='bbox 1731 1385 1815 1429; x_wconf 83' lang='lat'><strong>261</strong></span> <span class='ocrx_word' id='word_1_89' title='bbox 1851 1388 2019 1439; x_wconf 80' lang='grc' dir='ltr'>στέγην,</span> 
     </span>
     <span class='ocr_line' id='line_1_12' title="bbox 241 1459 2020 1517; baseline -0.001 -15"><span class='ocrx_word' id='word_1_90' title='bbox 241 1459 322 1515; x_wconf 90' lang='lat' dir='ltr'><strong>XI,</strong></span> <span class='ocrx_word' id='word_1_91' title='bbox 355 1460 382 1503; x_wconf 90' lang='lat'><strong>2</strong></span> <span class='ocrx_word' id='word_1_92' title='bbox 414 1474 459 1504; x_wconf 82' lang='lat' dir='ltr'><strong>v.</strong></span> <span class='ocrx_word' id='word_1_93' title='bbox 493 1460 578 1503; x_wconf 79' lang='lat'><strong>265</strong></span> <span class='ocrx_word' id='word_1_94' title='bbox 613 1464 741 1511; x_wconf 73' lang='grc' dir='ltr'>σπέες</span> <span class='ocrx_word' id='word_1_95' title='bbox 775 1461 845 1503; x_wconf 92' lang='lat' dir='ltr'><strong>illi</strong></span> <span class='ocrx_word' id='word_1_96' title='bbox 894 1460 1150 1517; x_wconf 82' lang='lat' dir='ltr'><strong>displicere</strong></span> <span class='ocrx_word' id='word_1_97' title='bbox 1186 1461 1422 1515; x_wconf 88' lang='lat' dir='ltr'><strong>videntur,</strong></span> <span class='ocrx_word' id='word_1_98' title='bbox 1470 1463 1639 1515; x_wconf 86' lang='lat' dir='ltr'><strong>utpote</strong></span> <span class='ocrx_word' id='word_1_99' title='bbox 1689 1473 1808 1515; x_wconf 86' lang='lat' dir='ltr'><strong>quae</strong></span> <span class='ocrx_word' id='word_1_100' title='bbox 1854 1462 2020 1502; x_wconf 89' lang='lat' dir='ltr'><strong>contra</strong></span> 
     </span>
     <span class='ocr_line' id='line_1_13' title="bbox 241 1533 2020 1592; baseline -0.001 -15"><span class='ocrx_word' id='word_1_101' title='bbox 241 1533 361 1577; x_wconf 89' lang='lat' dir='ltr'><strong>hanc</strong></span> <span class='ocrx_word' id='word_1_102' title='bbox 380 1534 667 1578; x_wconf 88' lang='lat' dir='ltr'><strong>sententiam</strong></span> <span class='ocrx_word' id='word_1_103' title='bbox 684 1534 878 1592; x_wconf 70' lang='lat' dir='ltr'><strong>faciant,</strong></span> <span class='ocrx_word' id='word_1_104' title='bbox 898 1535 984 1578; x_wconf 90' lang='lat' dir='ltr'><strong>sed</strong></span> <span class='ocrx_word' id='word_1_105' title='bbox 1003 1549 1095 1591; x_wconf 89' lang='lat' dir='ltr'><strong>quo</strong></span> <span class='ocrx_word' id='word_1_106' title='bbox 1114 1535 1311 1578; x_wconf 88' lang='lat' dir='ltr'><strong>meliore</strong></span> <span class='ocrx_word' id='word_1_107' title='bbox 1331 1534 1472 1578; x_wconf 91' lang='lat' dir='ltr'><strong>modo</strong></span> <span class='ocrx_word' id='word_1_108' title='bbox 1492 1534 1540 1577; x_wconf 95' lang='lat' dir='ltr'><strong>hi</strong></span> <span class='ocrx_word' id='word_1_109' title='bbox 1554 1548 1723 1577; x_wconf 86' lang='lat' dir='ltr'><strong>versus</strong></span> <span class='ocrx_word' id='word_1_110' title='bbox 1736 1534 2020 1577; x_wconf 86' lang='lat' dir='ltr'><strong>restituendi</strong></span> 
     </span>
     <span class='ocr_line' id='line_1_14' title="bbox 241 1607 2020 1664; baseline -0.001 -13"><span class='ocrx_word' id='word_1_111' title='bbox 241 1607 350 1664; x_wconf 85' lang='lat' dir='ltr'><strong>sint,</strong></span> <span class='ocrx_word' id='word_1_112' title='bbox 385 1608 465 1652; x_wconf 87' lang='lat' dir='ltr'><strong>ille</strong></span> <span class='ocrx_word' id='word_1_113' title='bbox 487 1622 581 1652; x_wconf 92' lang='lat' dir='ltr'><strong>non</strong></span> <span class='ocrx_word' id='word_1_114' title='bbox 606 1609 737 1652; x_wconf 88' lang='lat' dir='ltr'><strong>dicit.</strong></span> <span class='ocrx_word' id='word_1_115' title='bbox 790 1609 862 1652; x_wconf 84' lang='lat' dir='ltr'><strong>Ex</strong></span> <span class='ocrx_word' id='word_1_116' title='bbox 894 1609 1115 1653; x_wconf 83' lang='lat' dir='ltr'><strong>versibus</strong></span> <span class='ocrx_word' id='word_1_117' title='bbox 1151 1609 1242 1654; x_wconf 87' lang='lat' dir='ltr'><strong>col.</strong></span> <span class='ocrx_word' id='word_1_118' title='bbox 1276 1609 1353 1664; x_wconf 92' lang='lat' dir='ltr'><strong>IX,</strong></span> <span class='ocrx_word' id='word_1_119' title='bbox 1388 1609 1505 1653; x_wconf 84' lang='lat'><strong>1—7</strong></span> <span class='ocrx_word' id='word_1_120' title='bbox 1540 1612 1588 1651; x_wconf 89' lang='lat' dir='ltr'><strong>et</strong></span> <span class='ocrx_word' id='word_1_121' title='bbox 1623 1609 1713 1652; x_wconf 90' lang='lat' dir='ltr'><strong>col.</strong></span> <span class='ocrx_word' id='word_1_122' title='bbox 1748 1608 1812 1651; x_wconf 90' lang='lat' dir='ltr'><strong>XI</strong></span> <span class='ocrx_word' id='word_1_123' title='bbox 1846 1608 2020 1662; x_wconf 83' lang='lat'><strong>12,13:</strong></span> 
     </span>
    </p>
   </div>
   <div class='ocr_carea' id='block_1_4' title="bbox 639 1700 1615 1828">
    <p class='ocr_par' dir='ltr' id='par_1_4' title="bbox 639 1700 1615 1828">
     <span class='ocr_line' id='line_1_15' title="bbox 641 1700 1454 1752; baseline 0 -13"><span class='ocrx_word' id='word_1_124' title='bbox 641 1701 941 1752; x_wconf 78' lang='grc' dir='ltr'>κάξορμενίζει</span> <span class='ocrx_word' id='word_1_125' title='bbox 974 1700 1155 1740; x_wconf 77' lang='grc' dir='ltr'>κούκέτι</span> <span class='ocrx_word' id='word_1_126' title='bbox 1190 1700 1454 1752; x_wconf 76' lang='grc' dir='ltr'>σχολάζεται</span> 
     </span>
     <span class='ocr_line' id='line_1_16' title="bbox 639 1774 1615 1828; baseline 0 -14"><span class='ocrx_word' id='word_1_127' title='bbox 639 1774 815 1828; x_wconf 82' lang='grc' dir='ltr'>βλάστη·</span> <span class='ocrx_word' id='word_1_128' title='bbox 849 1775 1021 1815; x_wconf 82' lang='grc' dir='ltr'>τοιόνδε</span> <span class='ocrx_word' id='word_1_129' title='bbox 1051 1776 1188 1814; x_wconf 81' lang='grc' dir='ltr'>παῖδα</span> <span class='ocrx_word' id='word_1_130' title='bbox 1219 1774 1439 1827; x_wconf 73' lang='grc' dir='ltr'>θησαυρὸς</span> <span class='ocrx_word' id='word_1_131' title='bbox 1473 1775 1615 1826; x_wconf 84' lang='grc' dir='ltr'>στέγει</span> 
     </span>
    </p>
   </div>
   <div class='ocr_carea' id='block_1_5' title="bbox 237 1861 2022 3402">
    <p class='ocr_par' dir='ltr' id='par_1_5' title="bbox 237 1861 2022 3402">
     <span class='ocr_line' id='line_1_17' title="bbox 239 1861 2017 1918; baseline -0.001 -12"><span class='ocrx_word' id='word_1_132' title='bbox 239 1861 359 1906; x_wconf 87' lang='lat' dir='ltr'><strong>Jane</strong></span> <span class='ocrx_word' id='word_1_133' title='bbox 393 1861 530 1904; x_wconf 90' lang='lat' dir='ltr'><strong>Ellen</strong></span> <span class='ocrx_word' id='word_1_134' title='bbox 563 1861 792 1905; x_wconf 75' lang='lat' dir='ltr'><strong>Har-rison</strong></span> <span class='ocrx_word' id='word_1_135' title='bbox 835 1861 1073 1906; x_wconf 84' lang='lat' dir='ltr'><strong>intellexit</strong></span> <span class='ocrx_word' id='word_1_136' title='bbox 1105 1861 1323 1905; x_wconf 90' lang='lat' dir='ltr'><strong>Mercurii</strong></span> <span class='ocrx_word' id='word_1_137' title='bbox 1358 1862 1530 1906; x_wconf 89' lang='lat' dir='ltr'><strong>collem</strong></span> <span class='ocrx_word' id='word_1_138' title='bbox 1573 1861 1904 1905; x_wconf 87' lang='lat' dir='ltr'><strong>thesaurorum</strong></span> <span class='ocrx_word' id='word_1_139' title='bbox 1939 1862 2017 1918; x_wconf 89' lang='lat' dir='ltr'><strong>qui</strong></span> 
     </span>
     <span class='ocr_line' id='line_1_18' title="bbox 240 1934 2015 1991; baseline 0.001 -13"><span class='ocrx_word' id='word_1_140' title='bbox 240 1939 475 1979; x_wconf 88' lang='lat' dir='ltr'><strong>vocantur</strong></span> <span class='ocrx_word' id='word_1_141' title='bbox 496 1934 695 1978; x_wconf 88' lang='lat' dir='ltr'><strong>formam</strong></span> <span class='ocrx_word' id='word_1_142' title='bbox 717 1935 954 1980; x_wconf 87' lang='lat' dir='ltr'><strong>habuisse.</strong></span> <span class='ocrx_word' id='word_1_143' title='bbox 986 1935 1265 1980; x_wconf 88' lang='lat' dir='ltr'><strong>Inferiorem</strong></span> <span class='ocrx_word' id='word_1_144' title='bbox 1284 1936 1412 1979; x_wconf 89' lang='lat' dir='ltr'><strong>illius</strong></span> <span class='ocrx_word' id='word_1_145' title='bbox 1428 1936 1659 1980; x_wconf 89' lang='lat' dir='ltr'><strong>domicilii</strong></span> <span class='ocrx_word' id='word_1_146' title='bbox 1673 1940 1856 1991; x_wconf 86' lang='lat' dir='ltr'><strong>partem</strong></span> <span class='ocrx_word' id='word_1_147' title='bbox 1869 1935 2015 1979; x_wconf 86' lang='lat' dir='ltr'><strong>fuisse</strong></span> 
     </span>
     <span class='ocr_line' id='line_1_19' title="bbox 240 2008 2017 2065; baseline 0.001 -13"><span class='ocrx_word' id='word_1_148' title='bbox 240 2008 612 2064; x_wconf 87' lang='lat' dir='ltr'><strong>subterraneam,</strong></span> <span class='ocrx_word' id='word_1_149' title='bbox 636 2009 931 2065; x_wconf 88' lang='lat' dir='ltr'><strong>superiorem</strong></span> <span class='ocrx_word' id='word_1_150' title='bbox 955 2013 1112 2053; x_wconf 87' lang='lat' dir='ltr'><strong>autem</strong></span> <span class='ocrx_word' id='word_1_151' title='bbox 1134 2010 1348 2054; x_wconf 88' lang='lat' dir='ltr'><strong>umbilici</strong></span> <span class='ocrx_word' id='word_1_152' title='bbox 1371 2010 1523 2053; x_wconf 89' lang='lat' dir='ltr'><strong>instar</strong></span> <span class='ocrx_word' id='word_1_153' title='bbox 1541 2024 1564 2053; x_wconf 92' lang='lat' dir='ltr'><strong>e</strong></span> <span class='ocrx_word' id='word_1_154' title='bbox 1588 2010 1744 2053; x_wconf 85' lang='lat' dir='ltr'><strong>media</strong></span> <span class='ocrx_word' id='word_1_155' title='bbox 1769 2009 2017 2053; x_wconf 87' lang='lat' dir='ltr'><strong>orchestra</strong></span> 
     </span>
     <span class='ocr_line' id='line_1_20' title="bbox 240 2083 2013 2140; baseline 0.001 -14"><span class='ocrx_word' id='word_1_156' title='bbox 240 2083 493 2127; x_wconf 90' lang='lat' dir='ltr'><strong>eminuisse</strong></span> <span class='ocrx_word' id='word_1_157' title='bbox 543 2087 591 2126; x_wconf 89' lang='lat' dir='ltr'><strong>et</strong></span> <span class='ocrx_word' id='word_1_158' title='bbox 638 2098 723 2139; x_wconf 90' lang='lat' dir='ltr'><strong>per</strong></span> <span class='ocrx_word' id='word_1_159' title='bbox 765 2086 954 2139; x_wconf 83' lang='lat' dir='ltr'><strong>portam</strong></span> <span class='ocrx_word' id='word_1_160' title='bbox 1001 2084 1233 2140; x_wconf 82' lang='lat' dir='ltr'><strong>quandam</strong></span> <span class='ocrx_word' id='word_1_161' title='bbox 1283 2085 1328 2127; x_wconf 88' lang='lat' dir='ltr'><strong>in</strong></span> <span class='ocrx_word' id='word_1_162' title='bbox 1378 2096 1557 2128; x_wconf 90' lang='lat' dir='ltr'><strong>summo</strong></span> <span class='ocrx_word' id='word_1_163' title='bbox 1607 2084 1792 2128; x_wconf 85' lang='lat' dir='ltr'><strong>vertice</strong></span> <span class='ocrx_word' id='word_1_164' title='bbox 1836 2084 2013 2128; x_wconf 88' lang='lat' dir='ltr'><strong>factam</strong></span> 
     </span>
     <span class='ocr_line' id='line_1_21' title="bbox 241 2146 2014 2217; baseline 0.001 -17"><span class='ocrx_word' id='word_1_165' title='bbox 241 2157 484 2214; x_wconf 84' lang='lat' dir='ltr'><strong>Cyllenen,</strong></span> <span class='ocrx_word' id='word_1_166' title='bbox 534 2157 642 2212; x_wconf 89' lang='lat' dir='ltr'><strong>„the</strong></span> <span class='ocrx_word' id='word_1_167' title='bbox 690 2158 818 2202; x_wconf 91' lang='lat' dir='ltr'><strong>local</strong></span> <span class='ocrx_word' id='word_1_168' title='bbox 867 2158 1240 2202; x_wconf 82' lang='lat' dir='ltr'><strong>earth-mother“</strong></span> <span class='ocrx_word' id='word_1_169' title='bbox 1291 2159 1337 2201; x_wconf 88' lang='lat' dir='ltr'><strong>in</strong></span> <span class='ocrx_word' id='word_1_170' title='bbox 1384 2160 1538 2203; x_wconf 87' lang='lat' dir='ltr'><strong>lucem</strong></span> <span class='ocrx_word' id='word_1_171' title='bbox 1587 2146 1819 2202; x_wconf 85' lang='lat' dir='ltr'><strong>emisisse.</strong></span> <span class='ocrx_word' id='word_1_172' title='bbox 1884 2159 2014 2217; x_wconf 89' lang='lat' dir='ltr'><strong>Haec</strong></span> 
     </span>
     <span class='ocr_line' id='line_1_22' title="bbox 240 2231 2016 2289; baseline 0.001 -15"><span class='ocrx_word' id='word_1_173' title='bbox 240 2231 397 2275; x_wconf 91' lang='lat' dir='ltr'><strong>omnia</strong></span> <span class='ocrx_word' id='word_1_174' title='bbox 436 2231 556 2275; x_wconf 88' lang='lat' dir='ltr'><strong>enim</strong></span> <span class='ocrx_word' id='word_1_175' title='bbox 581 2232 640 2275; x_wconf 88' lang='lat' dir='ltr'><strong>ad</strong></span> <span class='ocrx_word' id='word_1_176' title='bbox 677 2236 832 2275; x_wconf 88' lang='lat' dir='ltr'><strong>terrae</strong></span> <span class='ocrx_word' id='word_1_177' title='bbox 877 2232 1042 2276; x_wconf 90' lang='lat' dir='ltr'><strong>matris</strong></span> <span class='ocrx_word' id='word_1_178' title='bbox 1090 2233 1371 2289; x_wconf 83' lang='lat' dir='ltr'><strong>religionem</strong></span> <span class='ocrx_word' id='word_1_179' title='bbox 1418 2233 1674 2289; x_wconf 88' lang='lat' dir='ltr'><strong>pertinere,</strong></span> <span class='ocrx_word' id='word_1_180' title='bbox 1725 2232 1782 2276; x_wconf 88' lang='lat' dir='ltr'><strong>cf.</strong></span> <span class='ocrx_word' id='word_1_181' title='bbox 1820 2247 1866 2289; x_wconf 82' lang='lat' dir='ltr'><strong>p.</strong></span> <span class='ocrx_word' id='word_1_182' title='bbox 1904 2235 2016 2278; x_wconf 83' lang='lat'>147:</span> 
     </span>
     <span class='ocr_line' id='line_1_23' title="bbox 240 2306 2022 2363; baseline 0.001 -15"><span class='ocrx_word' id='word_1_183' title='bbox 240 2306 321 2359; x_wconf 89' lang='lat' dir='ltr'><strong>„In</strong></span> <span class='ocrx_word' id='word_1_184' title='bbox 354 2319 380 2349; x_wconf 87' lang='lat' dir='ltr'><strong>a</strong></span> <span class='ocrx_word' id='word_1_185' title='bbox 412 2307 561 2362; x_wconf 90' lang='lat' dir='ltr'><strong>word,</strong></span> <span class='ocrx_word' id='word_1_186' title='bbox 604 2306 683 2350; x_wconf 88' lang='lat' dir='ltr'><strong>the</strong></span> <span class='ocrx_word' id='word_1_187' title='bbox 717 2321 858 2351; x_wconf 90' lang='lat' dir='ltr'><strong>scene</strong></span> <span class='ocrx_word' id='word_1_188' title='bbox 891 2307 1151 2363; x_wconf 89' lang='lat' dir='ltr'><strong>presented</strong></span> <span class='ocrx_word' id='word_1_189' title='bbox 1183 2308 1229 2350; x_wconf 92' lang='lat' dir='ltr'><strong>in</strong></span> <span class='ocrx_word' id='word_1_190' title='bbox 1273 2308 1352 2351; x_wconf 87' lang='lat' dir='ltr'><strong>the</strong></span> <span class='ocrx_word' id='word_1_191' title='bbox 1387 2308 1643 2352; x_wconf 85' lang='lat' dir='ltr'><strong>Ichneutae</strong></span> <span class='ocrx_word' id='word_1_192' title='bbox 1678 2308 1717 2351; x_wconf 93' lang='lat' dir='ltr'><strong>is</strong></span> <span class='ocrx_word' id='word_1_193' title='bbox 1753 2321 1779 2350; x_wconf 87' lang='lat' dir='ltr'><strong>a</strong></span> <span class='ocrx_word' id='word_1_194' title='bbox 1810 2307 1931 2351; x_wconf 90' lang='lat' dir='ltr'><strong>form</strong></span> <span class='ocrx_word' id='word_1_195' title='bbox 1966 2307 2022 2351; x_wconf 89' lang='lat' dir='ltr'><strong>of</strong></span> 
     </span>
     <span class='ocr_line' id='line_1_24' title="bbox 240 2379 2014 2437; baseline 0.002 -15"><span class='ocrx_word' id='word_1_196' title='bbox 240 2379 318 2423; x_wconf 88' lang='lat' dir='ltr'><strong>the</strong></span> <span class='ocrx_word' id='word_1_197' title='bbox 365 2379 542 2436; x_wconf 85' lang='lat' dir='ltr'><strong>Spring</strong></span> <span class='ocrx_word' id='word_1_198' title='bbox 586 2380 972 2437; x_wconf 89' lang='lat' dir='ltr'><strong>dromenon,</strong></span> <span class='ocrx_word' id='word_1_199' title='bbox 1022 2382 1101 2425; x_wconf 88' lang='lat' dir='ltr'><strong>the</strong></span> <span class='ocrx_word' id='word_1_200' title='bbox 1140 2382 1472 2426; x_wconf 73' lang='lat' dir='ltr'><strong>resurrection</strong></span> <span class='ocrx_word' id='word_1_201' title='bbox 1522 2381 1576 2425; x_wconf 87' lang='lat' dir='ltr'><strong>of</strong></span> <span class='ocrx_word' id='word_1_202' title='bbox 1609 2381 1690 2425; x_wconf 90' lang='lat' dir='ltr'><strong>life</strong></span> <span class='ocrx_word' id='word_1_203' title='bbox 1725 2381 1817 2425; x_wconf 87' lang='lat' dir='ltr'><strong>and</strong></span> <span class='ocrx_word' id='word_1_204' title='bbox 1849 2386 2014 2425; x_wconf 87' lang='lat' dir='ltr'><strong>nature</strong></span> 
     </span>
     <span class='ocr_line' id='line_1_25' title="bbox 237 2453 2013 2512; baseline 0.001 -15"><span class='ocrx_word' id='word_1_205' title='bbox 237 2453 359 2497; x_wconf 82' lang='lat' dir='ltr'><strong>from</strong></span> <span class='ocrx_word' id='word_1_206' title='bbox 411 2453 475 2497; x_wconf 91' lang='lat' dir='ltr'><strong>its</strong></span> <span class='ocrx_word' id='word_1_207' title='bbox 528 2454 700 2498; x_wconf 86' lang='lat' dir='ltr'><strong>winter</strong></span> <span class='ocrx_word' id='word_1_208' title='bbox 753 2454 940 2498; x_wconf 82' lang='lat' dir='ltr'><strong>death“.</strong></span> <span class='ocrx_word' id='word_1_209' title='bbox 996 2456 1095 2500; x_wconf 85' lang='lat' dir='ltr'><strong>Hac</strong></span> <span class='ocrx_word' id='word_1_210' title='bbox 1153 2455 1210 2500; x_wconf 89' lang='lat' dir='ltr'><strong>de</strong></span> <span class='ocrx_word' id='word_1_211' title='bbox 1278 2470 1421 2500; x_wconf 86' lang='lat' dir='ltr'><strong>causa</strong></span> <span class='ocrx_word' id='word_1_212' title='bbox 1484 2456 1773 2512; x_wconf 86' lang='lat' dir='ltr'><strong>Sophoclem</strong></span> <span class='ocrx_word' id='word_1_213' title='bbox 1838 2460 2013 2500; x_wconf 88' lang='lat' dir='ltr'><strong>terram</strong></span> 
     </span>
     <span class='ocr_line' id='line_1_26' title="bbox 237 2527 2012 2588; baseline 0.003 -17"><span class='ocrx_word' id='word_1_214' title='bbox 237 2531 434 2571; x_wconf 88' lang='lat' dir='ltr'><strong>matrem</strong></span> <span class='ocrx_word' id='word_1_215' title='bbox 485 2527 715 2585; x_wconf 85' lang='lat' dir='ltr'><strong>Cyllenen</strong></span> <span class='ocrx_word' id='word_1_216' title='bbox 759 2543 844 2583; x_wconf 85' lang='lat' dir='ltr'><strong>„an</strong></span> <span class='ocrx_word' id='word_1_217' title='bbox 888 2530 1138 2586; x_wconf 89' lang='lat' dir='ltr'><strong>omphalos</strong></span> <span class='ocrx_word' id='word_1_218' title='bbox 1169 2530 1760 2588; x_wconf 15' lang='lat' dir='ltr'><strong>¹house-treasury-tomb“</strong></span> <span class='ocrx_word' id='word_1_219' title='bbox 1811 2533 1874 2587; x_wconf 86' lang='lat' dir='ltr'><strong>(p.</strong></span> <span class='ocrx_word' id='word_1_220' title='bbox 1911 2533 2012 2585; x_wconf 78' lang='lat'>150)</span> 
     </span>
     <span class='ocr_line' id='line_1_27' title="bbox 238 2602 2014 2661; baseline 0.001 -16"><span class='ocrx_word' id='word_1_221' title='bbox 238 2602 747 2649; x_wconf 74' lang='lat' dir='ltr'><strong>incolentem&#39;fecisse.</strong></span> <span class='ocrx_word' id='word_1_222' title='bbox 812 2603 1149 2647; x_wconf 86' lang='lat' dir='ltr'><strong>Weizsaecker</strong></span> <span class='ocrx_word' id='word_1_223' title='bbox 1181 2608 1337 2648; x_wconf 88' lang='lat' dir='ltr'><strong>autem</strong></span> <span class='ocrx_word' id='word_1_224' title='bbox 1386 2605 1441 2648; x_wconf 81' lang='lat' dir='ltr'><strong>R.</strong></span> <span class='ocrx_word' id='word_1_225' title='bbox 1482 2606 1532 2650; x_wconf 90' lang='lat' dir='ltr'><strong>L.</strong></span> <span class='ocrx_word' id='word_1_226' title='bbox 1578 2606 1622 2648; x_wconf 92' lang='lat' dir='ltr'><strong>II</strong></span> <span class='ocrx_word' id='word_1_227' title='bbox 1654 2609 1681 2651; x_wconf 91' lang='lat'><strong>2</strong></span> <span class='ocrx_word' id='word_1_228' title='bbox 1724 2620 1769 2661; x_wconf 88' lang='lat' dir='ltr'><strong>p.</strong></span> <span class='ocrx_word' id='word_1_229' title='bbox 1802 2607 1919 2650; x_wconf 69' lang='lat'><strong>2234</strong></span> <span class='ocrx_word' id='word_1_230' title='bbox 1968 2609 2014 2648; x_wconf 91' lang='lat' dir='ltr'><strong>et</strong></span> 
     </span>
     <span class='ocr_line' id='line_1_28' title="bbox 237 2676 2015 2735; baseline 0.003 -17"><span class='ocrx_word' id='word_1_231' title='bbox 237 2676 626 2721; x_wconf 89' lang='lat' dir='ltr'><strong>Preller-Robert</strong></span> <span class='ocrx_word' id='word_1_232' title='bbox 672 2677 703 2720; x_wconf 93' lang='grc'><strong>1.</strong></span> <span class='ocrx_word' id='word_1_233' title='bbox 737 2691 773 2721; x_wconf 92' lang='lat' dir='ltr'><strong>s.</strong></span> <span class='ocrx_word' id='word_1_234' title='bbox 808 2692 843 2720; x_wconf 89' lang='lat' dir='ltr'><strong>s.</strong></span> <span class='ocrx_word' id='word_1_235' title='bbox 876 2692 921 2733; x_wconf 88' lang='lat' dir='ltr'><strong>p.</strong></span> <span class='ocrx_word' id='word_1_236' title='bbox 954 2679 1040 2721; x_wconf 82' lang='lat'><strong>390</strong></span> <span class='ocrx_word' id='word_1_237' title='bbox 1088 2679 1255 2721; x_wconf 87' lang='lat' dir='ltr'><strong>Maiam</strong></span> <span class='ocrx_word' id='word_1_238' title='bbox 1304 2679 1468 2735; x_wconf 86' lang='lat' dir='ltr'><strong>ipsam,</strong></span> <span class='ocrx_word' id='word_1_239' title='bbox 1516 2683 1686 2735; x_wconf 89' lang='lat' dir='ltr'><strong>utpote</strong></span> <span class='ocrx_word' id='word_1_240' title='bbox 1737 2693 1855 2735; x_wconf 88' lang='lat' dir='ltr'><strong>quae</strong></span> <span class='ocrx_word' id='word_1_241' title='bbox 1899 2679 2015 2723; x_wconf 87' lang='lat' dir='ltr'><strong>Mer-</strong></span> 
     </span>
     <span class='ocr_line' id='line_1_29' title="bbox 241 2750 2011 2809; baseline 0.001 -15"><span class='ocrx_word' id='word_1_242' title='bbox 241 2750 417 2794; x_wconf 89' lang='lat' dir='ltr'><strong>curium</strong></span> <span class='ocrx_word' id='word_1_243' title='bbox 451 2751 589 2794; x_wconf 89' lang='lat' dir='ltr'><strong>deum</strong></span> <span class='ocrx_word' id='word_1_244' title='bbox 621 2751 906 2808; x_wconf 80' lang='lat' dir='ltr'><strong>peperisset,</strong></span> <span class='ocrx_word' id='word_1_245' title='bbox 943 2755 1116 2795; x_wconf 86' lang='lat' dir='ltr'><strong>terram</strong></span> <span class='ocrx_word' id='word_1_246' title='bbox 1139 2757 1336 2796; x_wconf 89' lang='lat' dir='ltr'><strong>matrem</strong></span> <span class='ocrx_word' id='word_1_247' title='bbox 1371 2753 1520 2797; x_wconf 81' lang='lat' dir='ltr'><strong>tuisse</strong></span> <span class='ocrx_word' id='word_1_248' title='bbox 1555 2754 1883 2809; x_wconf 79' lang='lat' dir='ltr'><strong>suspicantur3</strong></span> <span class='ocrx_word' id='word_1_249' title='bbox 1920 2767 2011 2809; x_wconf 89' lang='lat' dir='ltr'><strong>quo</strong></span> 
     </span>
     <span class='ocr_line' id='line_1_30' title="bbox 239 2823 2013 2882; baseline 0.003 -16"><span class='ocrx_word' id='word_1_250' title='bbox 239 2823 339 2867; x_wconf 89' lang='lat' dir='ltr'><strong>iure</strong></span> <span class='ocrx_word' id='word_1_251' title='bbox 383 2825 558 2868; x_wconf 89' lang='lat' dir='ltr'><strong>montis</strong></span> <span class='ocrx_word' id='word_1_252' title='bbox 593 2824 817 2881; x_wconf 87' lang='lat' dir='ltr'><strong>Cyllenes</strong></span> <span class='ocrx_word' id='word_1_253' title='bbox 866 2825 1056 2868; x_wconf 88' lang='lat' dir='ltr'><strong>domina</strong></span> <span class='ocrx_word' id='word_1_254' title='bbox 1104 2825 1225 2870; x_wconf 91' lang='lat' dir='ltr'><strong>hunc</strong></span> <span class='ocrx_word' id='word_1_255' title='bbox 1274 2826 1502 2870; x_wconf 84' lang='lat' dir='ltr'><strong>honorem</strong></span> <span class='ocrx_word' id='word_1_256' title='bbox 1536 2827 1628 2871; x_wconf 91' lang='lat' dir='ltr'><strong>sibi</strong></span> <span class='ocrx_word' id='word_1_257' title='bbox 1676 2827 2013 2882; x_wconf 87' lang='lat' dir='ltr'><strong>vindicaverit,</strong></span> 
     </span>
     <span class='ocr_line' id='line_1_31' title="bbox 241 2898 2012 2958; baseline 0.002 -16"><span class='ocrx_word' id='word_1_258' title='bbox 241 2898 457 2954; x_wconf 89' lang='lat' dir='ltr'><strong>equidem</strong></span> <span class='ocrx_word' id='word_1_259' title='bbox 488 2912 584 2943; x_wconf 93' lang='lat' dir='ltr'><strong>non</strong></span> <span class='ocrx_word' id='word_1_260' title='bbox 607 2899 777 2943; x_wconf 84' lang='lat' dir='ltr'><strong>=video.</strong></span> <span class='ocrx_word' id='word_1_261' title='bbox 840 2900 1002 2956; x_wconf 88' lang='lat' dir='ltr'><strong>Neque</strong></span> <span class='ocrx_word' id='word_1_262' title='bbox 1037 2905 1252 2957; x_wconf 87' lang='lat' dir='ltr'><strong>apparet,</strong></span> <span class='ocrx_word' id='word_1_263' title='bbox 1288 2915 1368 2945; x_wconf 89' lang='lat' dir='ltr'><strong>cur</strong></span> <span class='ocrx_word' id='word_1_264' title='bbox 1401 2900 1670 2957; x_wconf 87' lang='lat' dir='ltr'><strong>Sophocles</strong></span> <span class='ocrx_word' id='word_1_265' title='bbox 1693 2902 2012 2958; x_wconf 86' lang='lat' dir='ltr'><strong>Phrygiornm</strong></span> 
     </span>
     <span class='ocr_line' id='line_1_32' title="bbox 240 2973 2010 3033; baseline 0.002 -17"><span class='ocrx_word' id='word_1_266' title='bbox 240 2976 289 3016; x_wconf 88' lang='lat' dir='ltr'><strong>et</strong></span> <span class='ocrx_word' id='word_1_267' title='bbox 320 2973 649 3018; x_wconf 89' lang='lat' dir='ltr'><strong>Armeniorum</strong></span> <span class='ocrx_word' id='word_1_268' title='bbox 697 2974 1028 3019; x_wconf 88' lang='lat' dir='ltr'><strong>thesaurorum</strong></span> <span class='ocrx_word' id='word_1_269' title='bbox 1077 2976 1232 3020; x_wconf 89' lang='lat' dir='ltr'><strong>animo</strong></span> <span class='ocrx_word' id='word_1_270' title='bbox 1267 2976 1359 3020; x_wconf 91' lang='lat' dir='ltr'><strong>sibi</strong></span> <span class='ocrx_word' id='word_1_271' title='bbox 1392 2976 1581 3020; x_wconf 89' lang='lat' dir='ltr'><strong>finxerit</strong></span> <span class='ocrx_word' id='word_1_272' title='bbox 1614 2976 1824 3031; x_wconf 87' lang='lat' dir='ltr'><strong>formam,</strong></span> <span class='ocrx_word' id='word_1_273' title='bbox 1875 2991 2010 3033; x_wconf 87' lang='lat' dir='ltr'><strong>quam</strong></span> 
     </span>
     <span class='ocr_line' id='line_1_33' title="bbox 238 3047 2010 3106; baseline 0.003 -17"><span class='ocrx_word' id='word_1_274' title='bbox 238 3060 390 3103; x_wconf 89' lang='lat' dir='ltr'><strong>neque</strong></span> <span class='ocrx_word' id='word_1_275' title='bbox 424 3047 555 3090; x_wconf 89' lang='lat' dir='ltr'><strong>illum</strong></span> <span class='ocrx_word' id='word_1_276' title='bbox 586 3062 738 3104; x_wconf 89' lang='lat' dir='ltr'><strong>neque</strong></span> <span class='ocrx_word' id='word_1_277' title='bbox 772 3052 1075 3104; x_wconf 88' lang='lat' dir='ltr'><strong>spectatores</strong></span> <span class='ocrx_word' id='word_1_278' title='bbox 1108 3050 1304 3093; x_wconf 88' lang='lat' dir='ltr'><strong>novisse</strong></span> <span class='ocrx_word' id='word_1_279' title='bbox 1328 3051 1431 3094; x_wconf 87' lang='lat' dir='ltr'><strong>veri</strong></span> <span class='ocrx_word' id='word_1_280' title='bbox 1466 3055 1540 3094; x_wconf 89' lang='lat' dir='ltr'><strong>est</strong></span> <span class='ocrx_word' id='word_1_281' title='bbox 1572 3051 1872 3106; x_wconf 88' lang='lat' dir='ltr'><strong>simillimum,</strong></span> <span class='ocrx_word' id='word_1_282' title='bbox 1904 3064 2010 3094; x_wconf 89' lang='lat' dir='ltr'><strong>nam</strong></span> 
     </span>
     <span class='ocr_line' id='line_1_34' title="bbox 238 3119 2010 3181; baseline 0.002 -16"><span class='ocrx_word' id='word_1_283' title='bbox 238 3119 486 3165; x_wconf 88' lang='lat' dir='ltr'><strong>Vitruvius</strong></span> <span class='ocrx_word' id='word_1_284' title='bbox 520 3121 596 3176; x_wconf 87' lang='lat' dir='ltr'><strong>(de</strong></span> <span class='ocrx_word' id='word_1_285' title='bbox 621 3122 869 3167; x_wconf 88' lang='lat' dir='ltr'><strong>architect.</strong></span> <span class='ocrx_word' id='word_1_286' title='bbox 893 3122 999 3178; x_wconf 89' lang='lat'><strong>111,</strong></span> <span class='ocrx_word' id='word_1_287' title='bbox 1032 3124 1078 3179; x_wconf 82' lang='lat'><strong>5)</strong></span> <span class='ocrx_word' id='word_1_288' title='bbox 1126 3127 1172 3167; x_wconf 91' lang='lat' dir='ltr'><strong>et</strong></span> <span class='ocrx_word' id='word_1_289' title='bbox 1204 3122 1473 3180; x_wconf 90' lang='lat' dir='ltr'><strong>Xenophon</strong></span> <span class='ocrx_word' id='word_1_290' title='bbox 1510 3124 1697 3181; x_wconf 67' lang='lat' dir='ltr'><strong>(Anab.,</strong></span> <span class='ocrx_word' id='word_1_291' title='bbox 1732 3125 1811 3169; x_wconf 89' lang='lat' dir='ltr'><strong>IV.</strong></span> <span class='ocrx_word' id='word_1_292' title='bbox 1844 3129 1884 3180; x_wconf 85' lang='lat'><strong>5,</strong></span> <span class='ocrx_word' id='word_1_293' title='bbox 1918 3125 2010 3181; x_wconf 89' lang='lat'><strong>25),</strong></span> 
     </span>
     <span class='ocr_line' id='line_1_35' title="bbox 240 3194 2008 3254; baseline 0.002 -16"><span class='ocrx_word' id='word_1_294' title='bbox 240 3194 317 3251; x_wconf 88' lang='lat' dir='ltr'><strong>qui</strong></span> <span class='ocrx_word' id='word_1_295' title='bbox 366 3194 423 3238; x_wconf 87' lang='lat' dir='ltr'><strong>de</strong></span> <span class='ocrx_word' id='word_1_296' title='bbox 470 3194 636 3239; x_wconf 90' lang='lat' dir='ltr'><strong>horum</strong></span> <span class='ocrx_word' id='word_1_297' title='bbox 683 3197 967 3252; x_wconf 88' lang='lat' dir='ltr'><strong>populorum</strong></span> <span class='ocrx_word' id='word_1_298' title='bbox 1017 3197 1273 3240; x_wconf 87' lang='lat' dir='ltr'><strong>domiciliis</strong></span> <span class='ocrx_word' id='word_1_299' title='bbox 1322 3199 1621 3250; x_wconf 87' lang='lat' dir='ltr'><strong>rettulerunt,</strong></span> <span class='ocrx_word' id='word_1_300' title='bbox 1669 3203 1783 3254; x_wconf 90' lang='lat' dir='ltr'><strong>post</strong></span> <span class='ocrx_word' id='word_1_301' title='bbox 1834 3207 2008 3254; x_wconf 79' lang='lat' dir='ltr'><strong>poetae</strong></span> 
     </span>
     <span class='ocr_line' id='line_1_36' title="bbox 239 3269 2011 3329; baseline 0.002 -17"><span class='ocrx_word' id='word_1_302' title='bbox 239 3273 444 3313; x_wconf 86' lang='lat' dir='ltr'><strong>aetatem</strong></span> <span class='ocrx_word' id='word_1_303' title='bbox 477 3269 712 3327; x_wconf 73' lang='lat' dir='ltr'><strong>vixerunt.</strong></span> <span class='ocrx_word' id='word_1_304' title='bbox 776 3271 1006 3314; x_wconf 85' lang='lat' dir='ltr'><strong>Graecum</strong></span> <span class='ocrx_word' id='word_1_305' title='bbox 1056 3275 1211 3315; x_wconf 85' lang='lat' dir='ltr'><strong>autem</strong></span> <span class='ocrx_word' id='word_1_306' title='bbox 1264 3272 1533 3316; x_wconf 87' lang='lat' dir='ltr'><strong>thesaurum</strong></span> <span class='ocrx_word' id='word_1_307' title='bbox 1567 3273 1692 3316; x_wconf 88' lang='lat' dir='ltr'><strong>sicut</strong></span> <span class='ocrx_word' id='word_1_308' title='bbox 1739 3273 2011 3329; x_wconf 86' lang='lat' dir='ltr'><strong>antiquissi-</strong></span> 
     </span>
     <span class='ocr_line' id='line_1_37' title="bbox 238 3342 2009 3402; baseline 0.003 -17"><span class='ocrx_word' id='word_1_309' title='bbox 238 3356 339 3385; x_wconf 89' lang='lat' dir='ltr'><strong>mas</strong></span> <span class='ocrx_word' id='word_1_310' title='bbox 373 3342 541 3387; x_wconf 90' lang='lat' dir='ltr'><strong>domos</strong></span> <span class='ocrx_word' id='word_1_311' title='bbox 573 3344 803 3388; x_wconf 87' lang='lat' dir='ltr'><strong>rotundas</strong></span> <span class='ocrx_word' id='word_1_312' title='bbox 838 3344 1016 3387; x_wconf 86' lang='lat' dir='ltr'><strong>aditum</strong></span> <span class='ocrx_word' id='word_1_313' title='bbox 1040 3344 1086 3387; x_wconf 92' lang='lat' dir='ltr'><strong>in</strong></span> <span class='ocrx_word' id='word_1_314' title='bbox 1120 3344 1347 3389; x_wconf 87' lang='lat' dir='ltr'><strong>inferiore</strong></span> <span class='ocrx_word' id='word_1_315' title='bbox 1382 3344 1590 3389; x_wconf 87' lang='lat' dir='ltr'><strong>aedificii</strong></span> <span class='ocrx_word' id='word_1_316' title='bbox 1613 3350 1750 3402; x_wconf 86' lang='lat' dir='ltr'><strong>parte</strong></span> <span class='ocrx_word' id='word_1_317' title='bbox 1786 3347 2009 3391; x_wconf 83' lang='lat' dir='ltr'><strong>habuisse</strong></span> 
     </span>
    </p>
   </div>
   <div class='ocr_carea' id='block_1_6' title="bbox 239 3417 2008 3554">
    <p class='ocr_par' dir='ltr' id='par_1_6' title="bbox 239 3417 2008 3554">
     <span class='ocr_line' id='line_1_38' title="bbox 239 3417 2008 3478; baseline 0.003 -18"><span class='ocrx_word' id='word_1_318' title='bbox 239 3417 363 3461; x_wconf 88' lang='lat' dir='ltr'><strong>inter</strong></span> <span class='ocrx_word' id='word_1_319' title='bbox 386 3431 547 3462; x_wconf 89' lang='lat' dir='ltr'><strong>omnes</strong></span> <span class='ocrx_word' id='word_1_320' title='bbox 582 3422 797 3475; x_wconf 77' lang='lat' dir='ltr'><strong>constat3</strong></span> <span class='ocrx_word' id='word_1_321' title='bbox 834 3418 891 3462; x_wconf 84' lang='lat' dir='ltr'><strong>cf.</strong></span> <span class='ocrx_word' id='word_1_322' title='bbox 914 3419 1064 3474; x_wconf 86' lang='lat' dir='ltr'><strong>Bulle,</strong></span> <span class='ocrx_word' id='word_1_323' title='bbox 1100 3419 1436 3476; x_wconf 76' lang='lat' dir='ltr'><strong>Orchomenos,</strong></span> <span class='ocrx_word' id='word_1_324' title='bbox 1470 3421 1700 3465; x_wconf 81' lang='lat' dir='ltr'><strong>Miinchen</strong></span> <span class='ocrx_word' id='word_1_325' title='bbox 1725 3424 1836 3467; x_wconf 81' lang='lat'>1907</span> <span class='ocrx_word' id='word_1_326' title='bbox 1869 3437 1914 3478; x_wconf 88' lang='lat' dir='ltr'><strong>p.</strong></span> <span class='ocrx_word' id='word_1_327' title='bbox 1938 3424 2008 3478; x_wconf 89' lang='lat'><strong>22,</strong></span> 
     </span>
     <span class='ocr_line' id='line_1_39' title="bbox 239 3490 2007 3554; baseline 0.004 -20"><span class='ocrx_word' id='word_1_328' title='bbox 239 3490 392 3547; x_wconf 85' lang='lat' dir='ltr'><strong>Pfuhl,</strong></span> <span class='ocrx_word' id='word_1_329' title='bbox 425 3491 515 3535; x_wconf 91' lang='lat' dir='ltr'><strong>Zur</strong></span> <span class='ocrx_word' id='word_1_330' title='bbox 548 3491 834 3537; x_wconf 83' lang='lat' dir='ltr'><strong>Geschichte</strong></span> <span class='ocrx_word' id='word_1_331' title='bbox 870 3493 952 3536; x_wconf 86' lang='lat' dir='ltr'><strong>des</strong></span> <span class='ocrx_word' id='word_1_332' title='bbox 988 3490 1300 3536; x_wconf 76' lang='lat' dir='ltr'><strong>Kurve&#39;nbaus</strong></span> <span class='ocrx_word' id='word_1_333' title='bbox 1334 3494 1390 3537; x_wconf 92' lang='lat' dir='ltr'><strong>A.</strong></span> <span class='ocrx_word' id='word_1_334' title='bbox 1424 3494 1479 3536; x_wconf 94' lang='lat' dir='ltr'><strong>M.</strong></span> <span class='ocrx_word' id='word_1_335' title='bbox 1514 3495 1642 3538; x_wconf 88' lang='lat' dir='ltr'><strong>XXX</strong></span> <span class='ocrx_word' id='word_1_336' title='bbox 1676 3496 1789 3541; x_wconf 74' lang='lat'>1905</span> <span class='ocrx_word' id='word_1_337' title='bbox 1821 3510 1864 3551; x_wconf 88' lang='lat' dir='ltr'><strong>p.</strong></span> <span class='ocrx_word' id='word_1_338' title='bbox 1895 3498 2007 3554; x_wconf 79' lang='lat'><strong>3473</strong></span> 
     </span>
    </p>
   </div>
  </div>
 </body>
</html>
