2274 4036
776 283 1112 337 ·-75-

84 462 276 529 aliquis
326 497 397 502 --
462 477 868 528 quemcumque·
906 461 1072 514 verba
1131 459 1274 528 apud
1332 460 1606 514 Pollucem
1660 459 1854 513 tradita

82 551 366 620 protulisse
407 551 667 603 Robertus
710 556 894 603 censet
946 586 1018 591 —
1077 550 1125 601 ei
1164 566 1384 618 parcere
1425 549 1616 617 studet,
1666 550 1853 602 eadem

84 646 258 694 autem
299 639 352 691 111
410 640 649 707 periculo
703 646 784 692 est
836 639 1107 708 proposito
1158 639 1251 690 illo
1308 644 1529 707 accepto
1580 655 1687 690 una
1738 655 1854 690 cum

83 730 221 783 lecto
262 733 315 781 et
352 728 468 797 lyra
506 729 558 781 in
598 734 790 781 terram
845 728 1197 797 praecipitare
1258 733 1415 795 atque
1468 744 1618 780 crura
1658 732 1710 780 et
1749 744 1854 780 cer-

83 819 229 872 vices
269 817 534 885 frangere.
613 818 750 884 Nam
804 817 1068 885 quomodo
1108 817 1267 884 lignis
1307 817 1431 869 lecti
1482 816 1855 885 per-terebratis

82 907 252 976 pedes
312 912 365 959 et
416 907 628 959 institae
689 923 808 959 eam
866 906 1054 974 ferant,
1095 906 1192 958 viri
1259 906 1400 958 docti
1453 907 1558 974 ipsi
1613 906 1712 958 sibi
1769 923 1854 958 ex-

83 997 284 1067 plicent
299 995 402 1063 124).
483 995 583 1058 Qui
618 995 882 1049 Robertus
926 1013 991 1048 ex
1049 995 1228 1050 verbis
1267 995 1341 1047 ita
1380 1000 1435 1046 ut
1473 995 1589 1064 ipse
1631 995 1858 1046 coniecit

85 1085 381 1139 emendatis
451 1083 767 1137 concludere
830 1084 1061 1153 potuerit
1115 1101 1227 1136 rem
1288 1083 1553 1150 quandam
1608 1083 1661 1135 in
1717 1083 1855 1136 lecto

82 1176 247 1228 fuisse
287 1173 622 1240 occultatam,
679 1173 926 1240 equidem
967 1190 1072 1226 non
1112 1172 1383 1240 intellego,
1463 1173 1650 1240 Neque
1690 1178 1854 1241 patet,

83 1281 172 1317 cur
209 1264 404 1316 Maiam
445 1267 624 1330 partes
651 1267 760 1313 tam
802 1262 1081 1330 ambiguas
1122 1267 1369 1330 agentem
1410 1262 1679 1329 risumque
1707 1279 1855 1331 spec-

80 1359 309 1428 tatorum
346 1358 648 1404 moventem
690 1350 988 1420 Sophocles
1039 1351 1331 1419 induxerit·7
1392 1369 1481 1404 cur
1519 1369 1625 1405 non
1680 1352 1856 1420 potius

82 1443 393 1496 Mercurium
432 1440 655 1509 ipsum?
712 1440 1189 1493 Adulescentulum
1232 1457 1383 1493 suum
1424 1441 1618 1493 lectum
1659 1441 1856 1494 habere

83 1533 160 1586 vir
213 1531 401 1584 doctus
454 1536 634 1599 negat,
692 1546 1012 1598 quamquam
1051 1531 1103 1583 in
1164 1530 1361 1599 hymno
1418 1530 1600 1583 infans
1654 1531 1764 1584 suis
1803 1531 1857 1583 in

83 1622 231 1674 cunis
257 1622 442 1674 iacens
481 1621 624 1674 laeto
653 1626 705 1672 et
732 1635 904 1686 aequo
932 1620 1109 1672 animo
1146 1619 1450 1689 Apollinem
1493 1625 1855 1672 accusatorem

82 1710 432 1780 exspectabat
471 1713 541 1778 (v,
570 1709 678 1764 212
709 1709 842 1780 sqq).
884 1709 1136 1761 Fortasse
1176 1713 1338 1776 poeta
1378 1709 1657 1761 scaenicus
1696 1708 1857 1761 habe-

82 1801 187 1870 bat,
230 1817 322 1852 cur
358 1799 553 1852 lectum
593 1815 758 1867 puero
797 1799 1064 1852 tribueret.

257 1889 431 1942 Primo
472 1888 658 1962 obtutu
698 1894 880 1941 contra
916 1888 1054 1941 hanc
1095 1888 1412 1940 sententiam
1455 1887 1634 1940 facere
1675 1888 1857 1940 viden-

81 1985 163 2030 tur
201 1994 388 2031 versus
428 1977 527 2030 col.
570 1978 661 2030 XI.
708 1979 757 2046 6,
798 1977 938 2033 268:
1059 1977 1182 2051 ffli-

306 2068 577 2140 [κᾶδεσμῙα
617 2070 703 2121 καὶ
744 2078 942 2139 ποτῆτα
981 2071 1068 2121 καὶ
1109 2069 1404 2139 κοιμήματα

305 2156 444 2227 [πρὸς
486 2157 817 2228 σπ]αργάνοις
859 2158 1082 2227 μένουσα
1123 2158 1333 2210 λικνῖτιν
1373 2161 1564 2227 τροφὴν

307 2246 653 2314 [ἐξευθῂτίζω
695 2249 854 2299 νύκτα
894 2249 979 2299 καὶ
1022 2243 1150 2299 καθ’
1191 2247 1401 2317 ἡμέραν.

259 2334 341 2386 Ex
401 2334 592 2402 quibus
651 2332 916 2401 Terzaghi
974 2332 1368 2402 (Introduzione
1424 2351 1474 2401 p.
1519 2335 1588 2385 63
1630 2333 1752 2386 adn.
1795 2335 1854 2402 3)

2 2423 4 2425 ’
82 2423 346 2476 intellexit
408 2430 620 2493 poetam
682 2423 939 2476 infantem
1000 2440 1212 2492 semper
1268 2425 1319 2475 in
1382 2424 1530 2476 cunis
1594 2424 1855 2476 iacentem

83 2511 280 2564 fecisse
323 2529 355 2564 a
395 2511 620 2581 Cyllene
675 2512 914 2580 nympha
953 2513 1233 2565 nutritum:
1291 2513 1416 2582 „Ma
1469 2530 1574 2566 non
1630 2514 1858 2582 bisogna

84 2600 427 2653 dimenticare
480 2601 577 2654 che
620 2601 726 2669 egli
767 2603 795 2654 c
851 2603 1155 2670 semprein
1212 2603 1355 2654 culla
1397 2619 1424 2654 e
1475 2603 1618 2656 nelle
1670 2604 1855 2671 fascic,

85 2689 152 2742 ed
192 2707 224 2742 a
278 2690 502 2758 bisogno
545 2691 597 2743 di
657 2690 740 2743 chi
792 2691 865 2759 gli
922 2691 1026 2760 dia,
1080 2708 1229 2744 come
1277 2692 1332 2744 fa
1374 2692 1596 2759 Cillene‚
1655 2693 1771 2746 cibo
1828 2711 1856 2745 e

85 2778 387 2832 bevanda“.

261 2868 561 2935 Sequuntur
601 2874 776 2921 autem
816 2885 1003 2922 versus
1043 2871 1145 2922 271
1192 2887 1318 2937 sqq:

305 2959 353 3026 [ὁ
394 2957 438 3012 δ’
480 2960 705 3027 affige-car
745 2958 860 3013 κατ’
900 2961 1036 3031 ἦμαρ
1077 2965 1172 3016 οὐκ
1213 2963 1454 3014 ἐπεικότα

308 3048 596 3121 [μὲγι]στός,
640 3051 772 3102 ὥστε
813 3054 993 3120 θαῦμα
1033 3052 1120 3102 καὶ
1163 3052 1317 3121 φόβος
1359 3048 1410 3120 μ’
1450 3054 1574 3121 ἔχει.

308 3136 466 3204 [οὔπω
506 3138 623 3209 γ]ὰρ
665 3142 812 3191 ἕκτον
855 3139 990 3209 ἦμαρ
1032 3140 1419 3209 ἐκπεφασμένος

262 3283 342 3339 124)
376 3284 426 3329 Si
474 3285 605 3340 ligna
654 3284 775 3328 adeo
824 3283 1155 3340 perterebrata
1204 3289 1351 3339 erant,
1399 3289 1450 3327 ut
1499 3285 1671 3340 aliquis
1719 3299 1856 3328 manu

87 3357 297 3402 immissa
328 3359 479 3415 lyram
527 3371 697 3415 capere
732 3363 779 3401 et
825 3358 1072 3401 extrahere
1116 3362 1299 3414 posset,
1341 3358 1419 3414 qui
1468 3358 1562 3414 ille,
1607 3359 1855 3415 quominus

89 3445 144 3475 ea
175 3432 521 3488 frangerentur,
555 3433 840 3490 impedivit?
