2274 4036
999 351 1292 409 *86-

253 534 507 582 montana
546 546 768 597 egressa
808 545 929 583 cum
969 531 1210 584 nominat
1249 531 1349 585 eol.
1392 531 1487 584 IX.
1531 532 1564 585 6
1604 549 1654 585 v.
1695 530 1821 589 215.
1881 532 2035 589 Mons

252 618 478 687 Cyllene
517 618 676 686 igitur
716 635 780 671 co
821 618 941 672 loco
993 620 1308 689 perspicuus
1350 626 1478 690 crat,
1536 621 1628 674 ubi
1674 638 1907 676 scaenae
1947 639 2034 677 ex-

253 713 452 761 structa
493 714 606 760 erat
646 707 860 776 domus3
903 709 1040 762 antri
1067 715 1245 762 autem
1274 709 1450 763 aditus
1476 711 1752 780 paululum
1793 711 2035 766 elevatus

251 797 305 848 in
363 797 558 850 montis
619 797 757 851 clivo
817 797 1138 866 cogitandus
1194 804 1276 851 est
1330 799 1490 852 simili
1547 799 1708 853 modo
1767 806 1926 870 atque
1977 801 2035 857 in

252 884 551 946 Philocteta
591 886 877 955 Sophoclis
918 892 971 940 ct
1008 887 1216 941 Avibus
1255 888 1774 958 Aristophanea¹45).

429 975 678 1044 Januam,
721 992 858 1043 quae
897 975 1036 1029 hunc
1077 976 1278 1029 aditum
1317 977 1707 1047 praecluderet,
1749 994 1856 1032 non
1896 995 2033 1035 com-

252 1073 603 1122 memoratam
632 1082 753 1120 esse
780 1067 1042 1119 Robertus
1069 1072 1213 1120 recte
1248 1067 1522 1120 admonuit
1547 1085 1599 1136 p.
1630 1067 1771 1136 5383
1811 1067 2035 1138 perinde

252 1155 306 1214 in
329 1155 533 1214 Avibus
554 1155 862 1208 Pisetaerus
891 1161 944 1208 et
963 1155 1258 1224 Euelpides
1286 1173 1393 1209 non
1420 1156 1635 1209 ianuam
1662 1157 1896 1227 pulsant,
1938 1157 2037 1215 sed

254 1250 440 1298 contra
479 1260 668 1297 saxum
709 1244 922 1313 lapides
962 1245 1175 1298 mittunt
1215 1246 1292 1315 (v.
1336 1245 1406 1298 5ss
1448 1247 1593 1316 sqq.)
1636 1263 1668 1298 a
1723 1247 1935 1305 cornice
1983 1253 2052 1312 et(

253 1334 471 1402 graculo
514 1335 766 1392 certiores
808 1334 933 1388 facti
976 1336 1031 1389 in
1069 1336 1264 1389 montis
1306 1337 1582 1390 cacumine
1622 1353 1838 1406 upupae
1878 1353 2038 1409 quem,

252 1429 513 1492 quaerunt
552 1441 673 1478 esse
712 1425 895 1479 nidum
935 1443 985 1479 v.
1027 1425 1131 1480 49:

831 1517 896 1570 H.
939 1517 973 1587 ἡ
1013 1517 1218 1589 κορώνη
1259 1537 1343 1589 μοι
1382 1519 1545 1572 πάλαι

470 1609 583 1659 -ἄνω
623 1624 668 1659 τι
709 1606 909 1676 φράζει.
990 1606 1082 1661 Εὐ.
1127 1608 1208 1678 χώ
1247 1607 1454 1672 κολοιὸς
1496 1610 1667 1662 οὑτοσὶ

475 1698 583 1749 ἄνω
623 1696 847 1767 κέχηνεν
888 1696 1108 1767 ὡσπερεὶ
1149 1698 1348 1760 δεικνύς
1387 1699 1434 1751 τί
1475 1714 1576 1769 μοι’,

475 1788 608 1839 κούκ
648 1782 765 1838 ἔσθ’
806 1788 945 1848 ὅπως
987 1788 1083 1839 οὐκ
1122 1787 1259 1839 ἔστιν
1300 1786 1510 1840 ἐνταῦθ’
1554 1789 1721 1858 ὄρνεα.

476 1875 730 1945 εἰσόμεθα
771 1872 814 1927 δ’
857 1875 1042 1944 αὐτίκ’,
1084 1877 1146 1946 ἦν
1186 1876 1485 1947 ποιήσωμεν
1526 1877 1712 1947 ψόφον.

430 1979 618 2047 Neque
659 1979 794 2032 haec
824 1996 950 2050 spes
979 1996 1072 2033 eos
1114 1978 1325 2049 fefellit,
1368 1998 1491 2033 nam
1531 1981 1694 2050 paulo
1721 1989 1845 2050 post
1884 1996 2037 2036 mons

253 2075 402 2138 patet
441 2074 492 2123 et
530 2085 747 2139 upupae
789 2086 1000 2127 servum
1042 2069 1231 2122 emittit
1270 2088 1319 2122 v.
1349 2071 1416 2123 61
1461 2086 1575 2139 sqq.
1642 2071 1793 2124 Antri
1834 2069 2036 2125 aditum

251 2175 359 2211 non
398 2158 571 2226 magis
600 2175 759 2226 quam
787 2158 865 2211 illi
905 2158 1252 2226 indagatores
1293 2159 1637 2228 perspiciunt,
1679 2159 1830 2228 lyrae
1859 2147 2043 2213 autem*

253 2265 359 2302 vox
399 2265 466 2302 ex
505 2247 774 2317 profundo
815 2254 994 2301 monte
1035 2265 1228 2301 sonare
1262 2248 1370 2301 illis
1409 2248 1708 2319 videbatur,
1751 2265 2038 2303 cavernam

251 2339 411 2406 igitur
473 2347 582 2391 non
647 2338 699 2390 in
778 2338 1050 2407 superiore
1125 2337 1222 2391 sed
1301 2337 1549 2392 inferiore
1614 2339 1809 2393 montis
1880 2343 2038 2408 parte

255 2445 375 2482 esse
414 2433 561 2481 ratus
602 2427 938 2497 coryphaeus
977 2433 1029 2480 et
1057 2428 1228 2481 solum
1267 2427 1498 2496 pedibus
1541 2428 1721 2497 pulsat
1761 2434 1814 2481 ct
1851 2433 2037 2482 contra

254 2534 445 2572 saxum
498 2518 739 2571 calcitrat
777 2521 1079 2591 πηδήμασιν
1113 2529 1405 2590 κραιπνοῖσι
1439 2521 1527 2572 καὶ
1568 2521 1910 2595 λακτίσμασιν
1927 2516 2034 2586 ¹⁴⁶)ss

434 2607 687 2677 Nypham
749 2612 926 2660 autem
974 2606 1074 2661 hoc
1124 2607 1346 2675 strepitu
1405 2611 1691 2682 excitatam
1734 2623 1804 2662 ex
1852 2612 2034 2663 monte

255 2770 389 2826 quod,
417 2769 620 2826 Silenus,
671 2769 749 2826 qui
804 2783 861 2813 ex
908 2769 1127 2825 proximo
1176 2769 1448 2827 propinquo
1503 2782 1670 2814 sonum
1723 2767 1870 2825 audit,
1924 2773 2035 2814 tunc

254 2844 438 2889 demum
491 2858 589 2888 rem
643 2843 897 2900 intellegit,
961 2843 1251 2912 (1ηοι1,ᾶιιιη
1301 2843 1591 2901 colloquium
1641 2842 1767 2888 inter
1822 2841 2033 2888 Silenum

253 2922 302 2961 et
336 2917 530 2962 chorum
562 2917 629 2974 fit,
675 2917 752 2963 hic
783 2917 1049 2974 procedere
1082 2918 1166 2962 vix
1212 2921 1392 2974 potest,
1442 2916 1569 2974 quod
1618 2916 1935 2975 coryphaeus,
1982 2922 2037 2962 ut

253 2993 428 3038 montis
462 2993 668 3038 incolam
695 2992 872 3049 eliciat,
905 2993 1050 3049 paulo
1073 2996 1187 3049 post
1219 2992 1420 3036 maxime
1445 2992 1528 3036 dat
1561 3005 1757 3049 operam
1780 2992 1871 3038 col.
1905 2991 1972 3037 IX
1992 2992 2035 3047 2,

253 3068 339 3113 211
374 3081 479 3125 sqq.

433 3140 511 3198 145)
547 3140 606 3186 cf.
632 3141 960 3197 Woodhouse,
984 3140 1084 3185 The
1110 3140 1280 3186 Scenic
1302 3140 1676 3198 Arrangcments
1701 3139 1758 3186 of
1775 3140 1855 3186 the
1874 3139 2036 3189 Philo-

255 3216 414 3261 ktetes
460 3214 514 3261 of
542 3215 813 3272 Sophocles
857 3215 901 3260 J.
934 3215 990 3259 H.
1025 3214 1094 3260 St.
1127 3215 1330 3260 XXXIII
1363 3217 1478 3262 1912
1510 3229 1555 3273 p.
1588 3216 1675 3263 239
1699 3229 1816 3273 sqq.,
1849 3215 2035 3262 Boden-

254 3290 435 3346 steiner
466 3290 495 3334 1.
530 3303 565 3333 S.
602 3304 637 3334 s.
671 3305 717 3347 p.
752 3290 961 3348 698s‘699‚
995 3303 1138 3347 supra
1171 3290 1279 3334 adn.
1314 3291 1413 3336 143.

312 3397 317 3401 -
338 3392 342 3397 -
399 3363 512 3419 ,1²0)
533 3364 592 3409 cf.
613 3365 704 3409 col.
723 3365 802 3409 IX.
817 3367 859 3421 4,
876 3365 993 3420 213„
1013 3365 1071 3408 de
1086 3378 1308 3409 versuum
1328 3364 1667 3410 distributi0ne
1684 3365 1790 3411 adn.
1813 3364 1894 3412 106
1905 3365 2034 3423 p.60.

255 3439 415 3484 Verbo
440 3441 567 3483 εἴσιθ’
598 3453 705 3484 mea
728 3438 917 3497 quidem
941 3439 1182 3484 sententia
1202 3443 1351 3496 poeta
1375 3439 1788 3496 exspectationem
1812 3439 2036 3498 exprimit

254 3515 480 3560 introitus
514 3514 714 3559 videndi
745 3514 924 3560 montis
959 3519 1160 3573 aspectu
1192 3514 1240 3559 in
1262 3517 1534 3571 satyrorum
1557 3514 1726 3560 animis
1752 3514 2035 3572 excitatam3
