2274 4036
1180 292 1476 343 —54—

441 469 706 523 videntur:
748 475 811 525 τὰ
838 468 883 524 δ’
912 471 975 524 αὖ
1005 472 1184 526 ἐναντί’
1230 473 1504 542 ἀλλήλοισι
1546 471 2034 544 συμπ[επλεγ]μὲνα.
2076 471 2214 526 Nam

440 559 599 628 priori
647 559 926 612 anterioris
983 559 1238 626 cuiusque
1293 559 1507 627 vestigii
1562 575 1687 612 orae
1726 558 1925 613 bifidae
1966 561 2216 630 opposita

442 653 523 701 est
560 647 898 716 respondens
939 648 1261 716 posterioris.

618 738 808 804 Itaque
872 737 1189 790 Mercurium
1255 736 1554 806 Sophocles
1617 754 1725 791 non
1792 738 1919 791 fecit
1990 738 2217 793 diversis

441 825 616 880 modis
683 826 886 879 bestias
957 826 1282 894 abigentem,
1344 825 1442 879 sed
1512 831 1722 896 satyros
1780 827 2039 896 paulatim
2103 845 2215 882 rem

399 927 403 932 ’
442 915 859 985 patefacientes:
902 915 1248 984 vestigiorum
1277 915 1482 984 priores
1521 931 1648 968 orae
1673 915 1835 970 fissae
1861 921 2002 970 retro
2029 933 2218 972 versae

441 1006 814 1060 nonnullorum
867 1006 1052 1059 oculos
1091 1006 1147 1058 in
1187 1022 1246 1058 se
1288 1010 1633 1073 convert-unt3
1672 1005 1766 1076 illi,
1810 1006 1901 1074 qui
1938 1006 2216 1076 accedunt,

442 1097 574 1150 haec
630 1095 822 1150 eadem
877 1095 1163 1164 inspiciunt
1212 1095 1371 1148 boum
1423 1095 1670 1163 vestigia,
1713 1111 1851 1163 quae
1905 1100 2086 1149 tamen
2126 1112 2219 1150 eos

442 1186 730 1256 adducunt,
784 1191 840 1238 ut
895 1184 1111 1238 diversa
1171 1184 1480 1252 diligentius
1541 1184 1848 1238 examinent
1896 1185 2034 1256 loca,
2085 1185 2220 1240 haec

442 1275 672 1344 denique
694 1292 813 1328 cum
839 1275 1180 1344 perlustrant,
1201 1274 1480 1328 inveniunt
1502 1274 1846 1344 iuvencarum
1867 1280 1918 1328 et
1938 1265 2219 1329 vitulorum

440 1366 577 1418 inter
615 1382 674 1418 se
716 1364 982 1418 contraria
1022 1369 1074 1417 et
1112 1364 1325 1418 innexa.

618 1454 868 1509 Nostram
945 1453 1107 1522 igitur·
1166 1452 1350 1522 hymni
1415 1467 1663 1506 versuum
1729 1452 2219 1522 interpretationem

440 1559 612 1596 rerum
663 1548 853 1595 natura
906 1543 1026 1612 ipsa
1079 1542 1234 1610 quasi
1287 1542 1583 1611 confirmat,
1623 1558 1689 1595 ea
1729 1542 1870 1595 enim
1911 1542 2018 1595 alio
2060 1549 2221 1610 atque

443 1649 605 1701 supra
645 1633 871 1702 exposui
911 1631 1070 1685 modo
1098 1631 1383 1700 Sophoclis
1419 1631 1586 1685 verba
1627 1630 1886 1700 explicari
1924 1649 2035 1686 non
2072 1632 2220 1699 sinit3

445 1723 601 1791 epico
655 1726 832 1775 autem
884 1726 1099 1791 poetam
1154 1721 1414 1789 tragicum
1472 1737 1590 1774 cum
1630 1721 1864 1789 vestigia
1901 1721 2043 1791 ipsa,
2083 1737 2221 1789 quae

444 1811 740 1865 errantibus
797 1811 991 1881 satyris
1045 1811 1188 1863 viam
1242 1810 1498 1880 indicant,
1550 1815 1659 1863 tum
1710 1811 1999 1864 bestiarum
2051 1809 2221 1880 pedes

442 1907 579 1955 retro
637 1900 808 1954 flexos
867 1900 1065 1954 debere
1115 1900 1231 1967 quis
1285 1906 1380 1969 est,
1424 1900 1514 1968 qui
1563 1902 1767 1969 neget?
1847 1899 2222 1964 Quaerendum

444 1992 601 2060 igitur
652 2007 759 2044 non
801 1996 897 2060 est,
941 1989 1313 2060 Sophoclesne
1352 1989 1534 2059 hymni
1573 1995 1842 2050 auctorem
1884 1994 2098 2044 secutus
2137 1989 2221 2058 sit,

446 2080 542 2134 sed
583 2097 746 2148 quare
785 2080 878 2133 ille
919 2080 985 2133 ab
1026 2080 1128 2133 hoc
1168 2079 1491 2133 discesserit.

622 2170 684 2222 In
711 2169 908 2239 hymno
936 2169 1220 2222 Homerico
1262 2174 1314 2222 et
1340 2169 1583 2222 Mercurii
1597 2169 1662 2237 ³4)
1705 2173 1757 2222 et
1794 2168 1955 2222 boum
1995 2168 2224 2236 vestigia

443 2258 569 2312 inde
611 2275 643 2310 a
682 2259 860 2311 Pieria
911 2274 1080 2326 usque
1133 2258 1202 2311 ad
1253 2258 1520 2327 Alpheum
1574 2262 1874 2312 retroversa
1924 2262 2074 2326 sunt3
2126 2257 2223 2311 sed

620 2392 677 2451 9ἰ)
711 2393 914 2438 Roberti
938 2392 1180 2437 sententia
1204 2392 1444 2436 censentis
1466 2406 1511 2448 p.
1534 2391 1731 2449 543s544
1753 2405 1922 2436 versus
1947 2391 2040 2436 col.
2063 2390 2128 2436 IV
2150 2392 2207 2436 14

755 2468 838 2523 34:
868 2470 975 2520 θεὸς
1004 2470 1110 2519 θεὸς
1141 2470 1247 2519 θεὸς
1277 2470 1396 2518 θεὸς·
1431 2470 1484 2509 ἔα
1517 2467 1602 2523 [ἕω

683 2545 731 2586 e't
752 2528 844 2586 ⁷97:
877 2546 992 2597 σίγα·
1025 2544 1131 2599 θεὸς
1164 2556 1226 2593 τις
1258 2544 1334 2596 τὴν
1367 2541 1610 2597 ἀποι[κία.]ν
1643 2543 1754 2596 ἄγει.

445 2618 506 2661 ad
550 2617 627 2661 dei
674 2616 888 2671 vestigia
929 2616 1169 2672 pertinere
1213 2619 1266 2659 ut
1298 2615 1608 2660 Muenschero
1642 2630 1688 2671 p.
1722 2616 1809 2661 174
1854 2618 1903 2659 et
1933 2613 2222 2672 Vollgraffio

444 2706 489 2748 p.
523 2693 580 2736 84
613 2691 680 2734 ita
713 2690 825 2733 mihi
858 2689 1161 2746 probabilior
1194 2703 1301 2733 esse
1336 2688 1528 2733 videtur
1562 2703 1700 2746 quam
1733 2688 2107 2740 Wilamowitzii,
2144 2688 2223 2746 qui

443 2780 473 2822 p
507 2767 594 2811 458
618 2765 723 2809 adn.
748 2766 789 2808 1.
816 2767 863 2807 et
885 2767 926 2810 3.
951 2777 1097 2807 versu
1120 2765 1177 2808 94
1200 2762 1513 2819 indagatores
1539 2762 1657 2807 deos
1691 2762 1920 2809 invocare
1955 2766 2002 2806 et
2035 2775 2225 2806 versum

445 2840 500 2886 97
535 2840 593 2883 de
627 2843 900 2896 satyrorum
935 2838 1128 2882 colonia
1177 2838 1355 2882 dictum
1406 2851 1511 2881 esse
1552 2840 1704 2894 putat.
1770 2835 1846 2880 Ad
1891 2835 1967 2880 dei
2014 2836 2224 2893 vestigia

446 2913 653 2958 fortasse
687 2912 927 2957 referendi
962 2916 1071 2956 sunt
1103 2925 1275 2956 versus
1310 2912 1400 2955 col.
1433 2912 1490 2956 V.
1523 2913 1566 2967 4,
1600 2910 1819 2969 109s110:

876 2990 974 3030 ἀλλ’
999 2990 1108 3030 αὐτὰ
1141 2990 1222 3043 μὴν
1253 2988 1374 3043 ἶχ1νη
1406 2987 1467 3042 τε]
1502 2989 1568 3041 χώ
1601 2989 1741 3045 στίβος
1774 2989 1881 3029 τάδε

882 3067 1039 3105 κείνων
1073 3065 1233 3117 ἐναργῆ
1267 3066 1349 3104 τῶν
1383 3063 1507 3114 βοῶν.
1543 3062 1699 3115 μαθεῖν
1732 3063 1864 3115 πάρα,

448 3152 566 3195 quos
602 3150 692 3193 ego
727 3137 797 3180 sic
830 3135 1089 3192 intellego:
1153 3138 1251 3178 ἀλλ’
1299 3138 1408 3177 αὐτὰ
1452 3138 1532 3190 μὴν
1579 3138 1679 3190 ἴχνη
1719 3135 1824 3177 τάδε
1871 3137 2033 3190 ἐναργῆ
2065 3149 2110 3176 τε
2143 3138 2221 3177 καὶ

448 3217 470 3255 ὁ
520 3216 658 3265 στίβος
711 3216 867 3255 κείνων
920 3216 1003 3254 τῶν
1057 3214 1179 3264 βοῶν.
1235 3211 1391 3265 μαθεῖν
1443 3212 1574 3263 πάρα.
1656 3208 1804 3265 Atqui
1857 3208 2070 3264 vestigia
2116 3208 2223 3264 ipsa

445 3286 701 3342 perspicua
754 3289 862 3329 sunt
916 3285 1151 3340 boumque
1195 3284 1457 3340 ingressus,
1499 3296 1598 3326 rem
1642 3282 2025 3327 animadvertere
2081 3281 2222 3340 licet3

446 3366 545 3417 ἴχνη
579 3362 725 3418 igitur
758 3361 848 3416 dei,
884 3364 1023 3414 στίβος
1055 3360 1195 3403 boum
1243 3357 1453 3413 vestigia
1502 3356 1774 3413 significare
1820 3361 1936 3414 puto
1972 3355 2048 3410 (ef.
2084 3359 2223 3410 στίβος

449 3437 539 3480 col.
572 3436 660 3480 VII
692 3438 750 3481 22
784 3449 828 3478 v.
864 3436 963 3489 128,
997 3433 1120 3476 infra
1154 3434 1260 3479 adn.
1296 3435 1380 3479 102
1412 3446 1457 3487 p.
1490 3431 1582 3485 57).
1646 3430 2052 3475 Wilamowitzius
2080 3433 2221 3484 στίβον
