<?xml version="1.0" encoding="UTF-8"?>
<!DOCTYPE html PUBLIC "-//W3C//DTD XHTML 1.0 Transitional//EN"
    "http://www.w3.org/TR/xhtml1/DTD/xhtml1-transitional.dtd">
<html xmlns="http://www.w3.org/1999/xhtml" xml:lang="en" lang="en">
 <head>
  <title>
</title>
<meta http-equiv="Content-Type" content="text/html;charset=utf-8" />
  <meta name='ocr-system' content='tesseract 3.04.00' />
  <meta name='ocr-capabilities' content='ocr_page ocr_carea ocr_par ocr_line ocrx_word'/>
</head>
<body>
  <div class='ocr_page' id='page_1' title='image "./quaeratiointerce00koetuoft_0045.png"; bbox 0 0 2274 4036; ppageno 0'>
   <div class='ocr_carea' id='block_1_1' title="bbox 798 286 1127 369">
    <p class='ocr_par' dir='ltr' id='par_1_1' title="bbox 798 286 1127 369">
     <span class='ocr_line' id='line_1_1' title="bbox 798 286 1127 369; baseline 0 -1"><span class='ocrx_word' id='word_1_1' title='bbox 798 286 1127 369; x_wconf 40' lang='lat'>435-</span> 
     </span>
    </p>
   </div>
   <div class='ocr_carea' id='block_1_2' title="bbox 84 479 1862 1720">
    <p class='ocr_par' dir='ltr' id='par_1_2' title="bbox 87 479 1862 899">
     <span class='ocr_line' id='line_1_2' title="bbox 91 479 1859 560; baseline 0.003 -18"><span class='ocrx_word' id='word_1_2' title='bbox 91 507 263 558; x_wconf 86' lang='lat' dir='ltr'>ganze</span> <span class='ocrx_word' id='word_1_3' title='bbox 302 489 476 544; x_wconf 89' lang='lat' dir='ltr'>Nacht</span> <span class='ocrx_word' id='word_1_4' title='bbox 531 479 1083 560; x_wconf 44' lang='lat' dir='ltr'>dauernden&#39;Opfers</span> <span class='ocrx_word' id='word_1_5' title='bbox 1138 491 1433 560; x_wconf 86' lang='lat' dir='ltr'>schrumpft</span> <span class='ocrx_word' id='word_1_6' title='bbox 1485 510 1592 546; x_wconf 88' lang='lat' dir='ltr'>nun</span> <span class='ocrx_word' id='word_1_7' title='bbox 1652 495 1859 549; x_wconf 88' lang='lat' dir='ltr'>freilich</span> 
     </span>
     <span class='ocr_line' id='line_1_3' title="bbox 92 577 1859 648; baseline 0.003 -18"><span class='ocrx_word' id='word_1_8' title='bbox 92 577 187 631; x_wconf 89' lang='lat' dir='ltr'>der</span> <span class='ocrx_word' id='word_1_9' title='bbox 246 578 382 645; x_wconf 88' lang='lat' dir='ltr'>Weg</span> <span class='ocrx_word' id='word_1_10' title='bbox 440 595 545 631; x_wconf 91' lang='lat' dir='ltr'>von</span> <span class='ocrx_word' id='word_1_11' title='bbox 606 579 815 632; x_wconf 88' lang='lat' dir='ltr'>Pierien</span> <span class='ocrx_word' id='word_1_12' title='bbox 874 579 1010 632; x_wconf 89' lang='lat' dir='ltr'>nach</span> <span class='ocrx_word' id='word_1_13' title='bbox 1070 581 1233 648; x_wconf 83' lang='lat' dir='ltr'>Pylos</span> <span class='ocrx_word' id='word_1_14' title='bbox 1294 581 1392 634; x_wconf 86' lang='lat' dir='ltr'>auf</span> <span class='ocrx_word' id='word_1_15' title='bbox 1446 582 1530 634; x_wconf 92' lang='lat' dir='ltr'>ein</span> <span class='ocrx_word' id='word_1_16' title='bbox 1590 583 1859 636; x_wconf 87' lang='lat' dir='ltr'>Minimum</span> 
     </span>
     <span class='ocr_line' id='line_1_4' title="bbox 90 668 1858 741; baseline 0.003 -21"><span class='ocrx_word' id='word_1_17' title='bbox 90 684 412 721; x_wconf 81' lang='lat' dir='ltr'><strong>zusammen.</strong></span> <span class='ocrx_word' id='word_1_18' title='bbox 473 668 573 719; x_wconf 82' lang='lat' dir='ltr'>Am</span> <span class='ocrx_word' id='word_1_19' title='bbox 600 668 793 721; x_wconf 87' lang='lat' dir='ltr'>Abend</span> <span class='ocrx_word' id='word_1_20' title='bbox 830 669 899 722; x_wconf 90' lang='lat' dir='ltr'>ist</span> <span class='ocrx_word' id='word_1_21' title='bbox 938 669 1161 722; x_wconf 85' lang='lat' dir='ltr'>Hermes</span> <span class='ocrx_word' id='word_1_22' title='bbox 1202 669 1339 722; x_wconf 90' lang='lat' dir='ltr'>noch</span> <span class='ocrx_word' id='word_1_23' title='bbox 1379 670 1433 723; x_wconf 92' lang='lat' dir='ltr'>in</span> <span class='ocrx_word' id='word_1_24' title='bbox 1462 671 1687 741; x_wconf 88' lang='lat' dir='ltr'>Pierien,</span> <span class='ocrx_word' id='word_1_25' title='bbox 1720 673 1858 725; x_wconf 84' lang='lat' dir='ltr'><strong>heim</strong></span> 
     </span>
     <span class='ocr_line' id='line_1_5' title="bbox 87 755 1862 827; baseline 0.003 -18"><span class='ocrx_word' id='word_1_26' title='bbox 87 755 338 810; x_wconf 82' lang='lat' dir='ltr'>Anbruch</span> <span class='ocrx_word' id='word_1_27' title='bbox 366 755 461 810; x_wconf 91' lang='lat' dir='ltr'>der</span> <span class='ocrx_word' id='word_1_28' title='bbox 486 757 660 811; x_wconf 87' lang='lat' dir='ltr'>Nacht</span> <span class='ocrx_word' id='word_1_29' title='bbox 687 775 771 810; x_wconf 88' lang='lat' dir='ltr'>am</span> <span class='ocrx_word' id='word_1_30' title='bbox 800 757 1072 827; x_wconf 69' lang='lat' dir='ltr'>Alpheios</span> <span class='ocrx_word' id='word_1_31' title='bbox 1135 758 1278 812; x_wconf 85' lang='lat' dir='ltr'>Aber</span> <span class='ocrx_word' id='word_1_32' title='bbox 1318 758 1659 827; x_wconf 85' lang='lat' dir='ltr'>dergleichen</span> <span class='ocrx_word' id='word_1_33' title='bbox 1688 761 1862 814; x_wconf 90' lang='lat' dir='ltr'>merkt</span> 
     </span>
     <span class='ocr_line' id='line_1_6' title="bbox 89 844 1819 899; baseline 0.003 -2"><span class='ocrx_word' id='word_1_34' title='bbox 89 844 264 899; x_wconf 78' lang='lat' dir='ltr'>dieser</span> <span class='ocrx_word' id='word_1_35' title='bbox 302 845 519 899; x_wconf 75' lang='lat' dir='ltr'>Dichter</span> <span class='ocrx_word' id='word_1_36' title='bbox 557 846 750 899; x_wconf 79' lang='lat' dir='ltr'>11icht.“</span> <span class='ocrx_word' id='word_1_37' title='bbox 1817 868 1819 870; x_wconf 86' lang='lat'>·</span> 
     </span>
    </p>

    <p class='ocr_par' dir='ltr' id='par_1_3' title="bbox 84 924 1862 1720">
     <span class='ocr_line' id='line_1_7' title="bbox 140 924 1859 1008; baseline 0.003 -22"><span class='ocrx_word' id='word_1_38' title='bbox 140 924 143 927; x_wconf 12' lang='grc' dir='ltr'><strong>Α</strong></span> <span class='ocrx_word' id='word_1_39' title='bbox 265 935 557 1002; x_wconf 79' lang='lat' dir='ltr'>Pergamus</span> <span class='ocrx_word' id='word_1_40' title='bbox 586 935 655 987; x_wconf 84' lang='lat' dir='ltr'>ad</span> <span class='ocrx_word' id='word_1_41' title='bbox 684 934 1072 1004; x_wconf 81' lang='lat' dir='ltr'>discrepantias</span> <span class='ocrx_word' id='word_1_42' title='bbox 1102 936 1351 989; x_wconf 87' lang='lat' dir='ltr'>locorum.</span> <span class='ocrx_word' id='word_1_43' title='bbox 1396 939 1556 990; x_wconf 86' lang='lat' dir='ltr'>Prout</span> <span class='ocrx_word' id='word_1_44' title='bbox 1583 939 1635 990; x_wconf 88' lang='lat' dir='ltr'>in</span> <span class='ocrx_word' id='word_1_45' title='bbox 1663 939 1859 1008; x_wconf 76' lang='lat' dir='ltr'>hymno</span> 
     </span>
     <span class='ocr_line' id='line_1_8' title="bbox 87 1023 1860 1093; baseline 0.003 -18"><span class='ocrx_word' id='word_1_46' title='bbox 87 1023 328 1076; x_wconf 78' lang='lat' dir='ltr'>Mercurii</span> <span class='ocrx_word' id='word_1_47' title='bbox 368 1023 527 1077; x_wconf 87' lang='lat' dir='ltr'>sedes</span> <span class='ocrx_word' id='word_1_48' title='bbox 568 1024 852 1093; x_wconf 85' lang='lat' dir='ltr'>designata</span> <span class='ocrx_word' id='word_1_49' title='bbox 893 1030 989 1093; x_wconf 89' lang='lat' dir='ltr'>est,</span> <span class='ocrx_word' id='word_1_50' title='bbox 1032 1024 1299 1078; x_wconf 85' lang='lat' dir='ltr'>diversam</span> <span class='ocrx_word' id='word_1_51' title='bbox 1343 1044 1460 1079; x_wconf 89' lang='lat' dir='ltr'>eam</span> <span class='ocrx_word' id='word_1_52' title='bbox 1503 1044 1619 1079; x_wconf 87' lang='lat' dir='ltr'>cum</span> <span class='ocrx_word' id='word_1_53' title='bbox 1662 1027 1860 1081; x_wconf 87' lang='lat' dir='ltr'>diversi</span> 
     </span>
     <span class='ocr_line' id='line_1_9' title="bbox 86 1114 1860 1186; baseline 0.003 -21"><span class='ocrx_word' id='word_1_54' title='bbox 86 1118 281 1182; x_wconf 86' lang='lat' dir='ltr'>poetae</span> <span class='ocrx_word' id='word_1_55' title='bbox 333 1115 510 1166; x_wconf 83' lang='lat' dir='ltr'>animo</span> <span class='ocrx_word' id='word_1_56' title='bbox 562 1115 663 1167; x_wconf 89' lang='lat' dir='ltr'>sibi</span> <span class='ocrx_word' id='word_1_57' title='bbox 718 1114 1011 1186; x_wconf 82' lang='lat' dir='ltr'>finxissent,</span> <span class='ocrx_word' id='word_1_58' title='bbox 1053 1115 1492 1184; x_wconf 77' lang='lat' dir='ltr'>interpolationes</span> <span class='ocrx_word' id='word_1_59' title='bbox 1544 1118 1860 1171; x_wconf 85' lang='lat' dir='ltr'>manifestas</span> 
     </span>
     <span class='ocr_line' id='line_1_10' title="bbox 85 1202 1859 1277; baseline 0.003 -23"><span class='ocrx_word' id='word_1_60' title='bbox 85 1203 346 1256; x_wconf 84' lang='lat' dir='ltr'>Robertus</span> <span class='ocrx_word' id='word_1_61' title='bbox 387 1202 807 1272; x_wconf 86' lang='lat' dir='ltr'>deprehendisse</span> <span class='ocrx_word' id='word_1_62' title='bbox 849 1205 950 1257; x_wconf 86' lang='lat' dir='ltr'>sibi</span> <span class='ocrx_word' id='word_1_63' title='bbox 990 1204 1202 1258; x_wconf 85' lang='lat' dir='ltr'>videtur</span> <span class='ocrx_word' id='word_1_64' title='bbox 1242 1223 1292 1274; x_wconf 88' lang='lat' dir='ltr'>p.</span> <span class='ocrx_word' id='word_1_65' title='bbox 1322 1206 1454 1260; x_wconf 57' lang='lat'>41&amp;</span> <span class='ocrx_word' id='word_1_66' title='bbox 1501 1206 1606 1277; x_wconf 78' lang='lat' dir='ltr'>„So</span> <span class='ocrx_word' id='word_1_67' title='bbox 1636 1207 1774 1274; x_wconf 86' lang='lat' dir='ltr'>zeigt</span> <span class='ocrx_word' id='word_1_68' title='bbox 1801 1224 1859 1259; x_wconf 91' lang='lat' dir='ltr'>es</span> 
     </span>
     <span class='ocr_line' id='line_1_11' title="bbox 87 1291 1862 1363; baseline 0.002 -18"><span class='ocrx_word' id='word_1_69' title='bbox 87 1291 217 1360; x_wconf 85' lang='lat' dir='ltr'>sich,</span> <span class='ocrx_word' id='word_1_70' title='bbox 259 1291 364 1345; x_wconf 83' lang='lat' dir='ltr'>dass</span> <span class='ocrx_word' id='word_1_71' title='bbox 406 1292 492 1345; x_wconf 92' lang='lat' dir='ltr'>die</span> <span class='ocrx_word' id='word_1_72' title='bbox 535 1292 648 1347; x_wconf 91' lang='lat' dir='ltr'>drei</span> <span class='ocrx_word' id='word_1_73' title='bbox 700 1293 1121 1348; x_wconf 79' lang='lat' dir='ltr'>verschiedenen</span> <span class='ocrx_word' id='word_1_74' title='bbox 1163 1295 1558 1363; x_wconf 78' lang='lat' dir='ltr'>Aufiassungen</span> <span class='ocrx_word' id='word_1_75' title='bbox 1611 1313 1714 1349; x_wconf 91' lang='lat' dir='ltr'>von</span> <span class='ocrx_word' id='word_1_76' title='bbox 1768 1295 1862 1349; x_wconf 85' lang='lat' dir='ltr'>der</span> 
     </span>
     <span class='ocr_line' id='line_1_12' title="bbox 84 1381 1862 1454; baseline 0.002 -20"><span class='ocrx_word' id='word_1_77' title='bbox 84 1381 371 1450; x_wconf 89' lang='lat' dir='ltr'>Wohnung</span> <span class='ocrx_word' id='word_1_78' title='bbox 411 1381 507 1435; x_wconf 89' lang='lat' dir='ltr'>des</span> <span class='ocrx_word' id='word_1_79' title='bbox 534 1382 904 1450; x_wconf 75' lang='lat' dir='ltr'>He1·n1eS,auf</span> <span class='ocrx_word' id='word_1_80' title='bbox 939 1382 1025 1436; x_wconf 89' lang='lat' dir='ltr'>die</span> <span class='ocrx_word' id='word_1_81' title='bbox 1066 1384 1161 1436; x_wconf 88' lang='lat' dir='ltr'>wir</span> <span class='ocrx_word' id='word_1_82' title='bbox 1188 1383 1352 1437; x_wconf 89' lang='lat' dir='ltr'>schon</span> <span class='ocrx_word' id='word_1_83' title='bbox 1381 1402 1517 1452; x_wconf 81' lang='lat' dir='ltr'>ganz</span> <span class='ocrx_word' id='word_1_84' title='bbox 1545 1385 1615 1436; x_wconf 91' lang='lat' dir='ltr'>im</span> <span class='ocrx_word' id='word_1_85' title='bbox 1643 1385 1862 1454; x_wconf 86' lang='lat' dir='ltr'>Anfang</span> 
     </span>
     <span class='ocr_line' id='line_1_13' title="bbox 85 1457 1857 1542; baseline 0.002 -19"><span class='ocrx_word' id='word_1_86' title='bbox 85 1486 304 1523; x_wconf 87' lang='lat' dir='ltr'>unserer</span> <span class='ocrx_word' id='word_1_87' title='bbox 332 1457 691 1539; x_wconf 82' lang='lat' dir='ltr'>Betrachtnng</span> <span class='ocrx_word' id='word_1_88' title='bbox 731 1471 1094 1525; x_wconf 87' lang='lat' dir='ltr'>aufmerksam</span> <span class='ocrx_word' id='word_1_89' title='bbox 1124 1461 1358 1542; x_wconf 86' lang='lat' dir='ltr'>wurden,</span> <span class='ocrx_word' id='word_1_90' title='bbox 1389 1473 1441 1524; x_wconf 91' lang='lat' dir='ltr'>in</span> <span class='ocrx_word' id='word_1_91' title='bbox 1483 1472 1577 1525; x_wconf 91' lang='lat' dir='ltr'>der</span> <span class='ocrx_word' id='word_1_92' title='bbox 1604 1474 1706 1526; x_wconf 66' lang='lat' dir='ltr'>&#39;rat</span> <span class='ocrx_word' id='word_1_93' title='bbox 1746 1473 1857 1526; x_wconf 90' lang='lat' dir='ltr'>drei</span> 
     </span>
     <span class='ocr_line' id='line_1_14' title="bbox 85 1559 1859 1631; baseline 0.002 -19"><span class='ocrx_word' id='word_1_94' title='bbox 85 1559 299 1613; x_wconf 88' lang='lat' dir='ltr'>Phasen</span> <span class='ocrx_word' id='word_1_95' title='bbox 340 1561 394 1613; x_wconf 92' lang='lat' dir='ltr'>in</span> <span class='ocrx_word' id='word_1_96' title='bbox 436 1560 530 1614; x_wconf 93' lang='lat' dir='ltr'>der</span> <span class='ocrx_word' id='word_1_97' title='bbox 570 1560 890 1614; x_wconf 80' lang='lat' dir='ltr'>Geschichte</span> <span class='ocrx_word' id='word_1_98' title='bbox 932 1561 1028 1615; x_wconf 90' lang='lat' dir='ltr'>des</span> <span class='ocrx_word' id='word_1_99' title='bbox 1068 1562 1310 1631; x_wconf 88' lang='lat' dir='ltr'>Hymnos</span> <span class='ocrx_word' id='word_1_100' title='bbox 1351 1562 1719 1630; x_wconf 13' lang='lat' dir='ltr'>entspimechen</span> <span class='ocrx_word' id='word_1_101' title='bbox 1783 1565 1859 1616; x_wconf 90' lang='lat' dir='ltr'>Im</span> 
     </span>
     <span class='ocr_line' id='line_1_15' title="bbox 84 1649 1860 1720; baseline 0.003 -19"><span class='ocrx_word' id='word_1_102' title='bbox 84 1649 229 1702; x_wconf 87' lang='lat' dir='ltr'>alten</span> <span class='ocrx_word' id='word_1_103' title='bbox 269 1650 510 1718; x_wconf 87' lang='lat' dir='ltr'>Hymnos</span> <span class='ocrx_word' id='word_1_104' title='bbox 550 1650 764 1718; x_wconf 87' lang='lat' dir='ltr'>neblige</span> <span class='ocrx_word' id='word_1_105' title='bbox 806 1650 998 1719; x_wconf 76' lang='lat' dir='ltr'>Hohle,</span> <span class='ocrx_word' id='word_1_106' title='bbox 1039 1651 1093 1704; x_wconf 92' lang='lat' dir='ltr'>in</span> <span class='ocrx_word' id='word_1_107' title='bbox 1135 1650 1228 1704; x_wconf 91' lang='lat' dir='ltr'>der</span> <span class='ocrx_word' id='word_1_108' title='bbox 1276 1657 1450 1704; x_wconf 87' lang='lat' dir='ltr'>ersten</span> <span class='ocrx_word' id='word_1_109' title='bbox 1491 1652 1860 1720; x_wconf 85' lang='lat' dir='ltr'>Erweiterung</span> 
     </span>
    </p>
   </div>
   <div class='ocr_carea' id='block_1_3' title="bbox 85 1769 436 1776">
    <p class='ocr_par' dir='ltr' id='par_1_4' title="bbox 85 1769 436 1776">
     <span class='ocr_line' id='line_1_16' title="bbox 85 1769 436 1776; baseline 0 0"><span class='ocrx_word' id='word_1_110' title='bbox 85 1769 436 1776; x_wconf 95' lang='lat' dir='ltr'> </span> 
     </span>
    </p>
   </div>
   <div class='ocr_carea' id='block_1_4' title="bbox 78 1811 1907 3509">
    <p class='ocr_par' dir='ltr' id='par_1_5' title="bbox 82 1811 1857 2540">
     <span class='ocr_line' id='line_1_17' title="bbox 83 1811 1857 1869; baseline 0.001 -14"><span class='ocrx_word' id='word_1_111' title='bbox 83 1815 262 1869; x_wconf 83' lang='lat' dir='ltr'>potest,</span> <span class='ocrx_word' id='word_1_112' title='bbox 296 1811 356 1856; x_wconf 83' lang='lat' dir='ltr'>cf.</span> <span class='ocrx_word' id='word_1_113' title='bbox 380 1826 425 1856; x_wconf 85' lang='lat' dir='ltr'>v.</span> <span class='ocrx_word' id='word_1_114' title='bbox 449 1813 535 1858; x_wconf 74' lang='grc'>273</span> <span class='ocrx_word' id='word_1_115' title='bbox 558 1815 666 1868; x_wconf 71' lang='grc' dir='ltr'>χθὲς</span> <span class='ocrx_word' id='word_1_116' title='bbox 689 1817 890 1868; x_wconf 78' lang='grc' dir='ltr'>γενόμην,</span> <span class='ocrx_word' id='word_1_117' title='bbox 916 1826 960 1856; x_wconf 86' lang='lat' dir='ltr'>v.</span> <span class='ocrx_word' id='word_1_118' title='bbox 984 1813 1071 1858; x_wconf 81' lang='lat'>376</span> <span class='ocrx_word' id='word_1_119' title='bbox 1103 1815 1258 1868; x_wconf 73' lang='grc' dir='ltr'>χθιζὸς</span> <span class='ocrx_word' id='word_1_120' title='bbox 1289 1816 1492 1868; x_wconf 73' lang='grc' dir='ltr'>,ενὸμην.</span> <span class='ocrx_word' id='word_1_121' title='bbox 1531 1812 1674 1855; x_wconf 79' lang='lat' dir='ltr'>Cuius</span> <span class='ocrx_word' id='word_1_122' title='bbox 1698 1813 1857 1869; x_wconf 87' lang='lat' dir='ltr'>negle-</span> 
     </span>
     <span class='ocr_line' id='line_1_18' title="bbox 83 1886 1856 1945; baseline -0.001 -13"><span class='ocrx_word' id='word_1_123' title='bbox 83 1888 274 1945; x_wconf 88' lang='lat' dir='ltr'>gentiae</span> <span class='ocrx_word' id='word_1_124' title='bbox 309 1887 450 1932; x_wconf 85' lang='lat' dir='ltr'>aliam</span> <span class='ocrx_word' id='word_1_125' title='bbox 483 1902 578 1932; x_wconf 91' lang='lat' dir='ltr'>non</span> <span class='ocrx_word' id='word_1_126' title='bbox 610 1887 803 1931; x_wconf 88' lang='lat' dir='ltr'>invenio</span> <span class='ocrx_word' id='word_1_127' title='bbox 839 1887 1209 1943; x_wconf 83' lang='lat' dir='ltr'>excusationem,</span> <span class='ocrx_word' id='word_1_128' title='bbox 1233 1887 1325 1930; x_wconf 89' lang='lat' dir='ltr'>nisi</span> <span class='ocrx_word' id='word_1_129' title='bbox 1359 1886 1489 1944; x_wconf 87' lang='lat' dir='ltr'>quod</span> <span class='ocrx_word' id='word_1_130' title='bbox 1521 1887 1601 1930; x_wconf 90' lang='lat' dir='ltr'>ille</span> <span class='ocrx_word' id='word_1_131' title='bbox 1627 1886 1856 1941; x_wconf 82' lang='lat' dir='ltr'>fortasse,</span> 
     </span>
     <span class='ocr_line' id='line_1_19' title="bbox 82 1961 1856 2018; baseline -0.001 -11"><span class='ocrx_word' id='word_1_132' title='bbox 82 1967 134 2007; x_wconf 90' lang='lat' dir='ltr'>ut</span> <span class='ocrx_word' id='word_1_133' title='bbox 183 1967 285 2007; x_wconf 86' lang='lat' dir='ltr'>erat</span> <span class='ocrx_word' id='word_1_134' title='bbox 330 1962 554 2007; x_wconf 84' lang='lat' dir='ltr'>indoctus</span> <span class='ocrx_word' id='word_1_135' title='bbox 601 1967 649 2006; x_wconf 85' lang='lat' dir='ltr'>et</span> <span class='ocrx_word' id='word_1_136' title='bbox 696 1962 911 2018; x_wconf 87' lang='lat' dir='ltr'>simplex,</span> <span class='ocrx_word' id='word_1_137' title='bbox 956 1961 1202 2018; x_wconf 90' lang='lat' dir='ltr'>regionum</span> <span class='ocrx_word' id='word_1_138' title='bbox 1245 1965 1292 2006; x_wconf 88' lang='lat' dir='ltr'>et</span> <span class='ocrx_word' id='word_1_139' title='bbox 1326 1966 1557 2005; x_wconf 86' lang='lat' dir='ltr'>terrarum</span> <span class='ocrx_word' id='word_1_140' title='bbox 1590 1961 1732 2005; x_wconf 86' lang='lat' dir='ltr'>situm</span> <span class='ocrx_word' id='word_1_141' title='bbox 1767 1962 1856 2005; x_wconf 83' lang='lat' dir='ltr'>nisi</span> 
     </span>
     <span class='ocr_line' id='line_1_20' title="bbox 83 2036 1857 2094; baseline -0.001 -13"><span class='ocrx_word' id='word_1_142' title='bbox 83 2036 208 2082; x_wconf 87' lang='lat' dir='ltr'>fama</span> <span class='ocrx_word' id='word_1_143' title='bbox 257 2036 500 2094; x_wconf 89' lang='lat' dir='ltr'>cognitum</span> <span class='ocrx_word' id='word_1_144' title='bbox 550 2050 653 2081; x_wconf 86' lang='lat' dir='ltr'>cnm</span> <span class='ocrx_word' id='word_1_145' title='bbox 698 2050 788 2081; x_wconf 90' lang='lat' dir='ltr'>non</span> <span class='ocrx_word' id='word_1_146' title='bbox 837 2036 1051 2092; x_wconf 86' lang='lat' dir='ltr'>haberet,</span> <span class='ocrx_word' id='word_1_147' title='bbox 1098 2036 1383 2081; x_wconf 84' lang='lat' dir='ltr'>Onchestum</span> <span class='ocrx_word' id='word_1_148' title='bbox 1431 2050 1581 2093; x_wconf 89' lang='lat' dir='ltr'>prope</span> <span class='ocrx_word' id='word_1_149' title='bbox 1632 2051 1658 2079; x_wconf 89' lang='lat' dir='ltr'>a</span> <span class='ocrx_word' id='word_1_150' title='bbox 1698 2036 1857 2080; x_wconf 88' lang='lat' dir='ltr'>Pieria</span> 
     </span>
     <span class='ocr_line' id='line_1_21' title="bbox 83 2108 1857 2169; baseline -0.001 -13"><span class='ocrx_word' id='word_1_151' title='bbox 83 2112 267 2169; x_wconf 90' lang='lat' dir='ltr'>abesse,</span> <span class='ocrx_word' id='word_1_152' title='bbox 291 2112 511 2168; x_wconf 85' lang='lat' dir='ltr'>exiguum</span> <span class='ocrx_word' id='word_1_153' title='bbox 543 2111 690 2168; x_wconf 85' lang='lat' dir='ltr'>igitur</span> <span class='ocrx_word' id='word_1_154' title='bbox 723 2111 952 2168; x_wconf 88' lang='lat' dir='ltr'>temporis</span> <span class='ocrx_word' id='word_1_155' title='bbox 986 2111 1193 2168; x_wconf 86' lang='lat' dir='ltr'>spatium</span> <span class='ocrx_word' id='word_1_156' title='bbox 1226 2111 1528 2156; x_wconf 85' lang='lat' dir='ltr'>intercedens</span> <span class='ocrx_word' id='word_1_157' title='bbox 1563 2108 1685 2155; x_wconf 87' lang='lat' dir='ltr'>inter</span> <span class='ocrx_word' id='word_1_158' title='bbox 1715 2111 1857 2155; x_wconf 87' lang='lat' dir='ltr'>boum</span> 
     </span>
     <span class='ocr_line' id='line_1_22' title="bbox 82 2185 1856 2244; baseline 0 -14"><span class='ocrx_word' id='word_1_159' title='bbox 82 2191 267 2244; x_wconf 88' lang='lat' dir='ltr'>raptum</span> <span class='ocrx_word' id='word_1_160' title='bbox 318 2191 365 2231; x_wconf 85' lang='lat' dir='ltr'>et</span> <span class='ocrx_word' id='word_1_161' title='bbox 414 2186 633 2230; x_wconf 87' lang='lat' dir='ltr'>Mercurii</span> <span class='ocrx_word' id='word_1_162' title='bbox 680 2185 968 2230; x_wconf 87' lang='lat' dir='ltr'>Onchestum</span> <span class='ocrx_word' id='word_1_163' title='bbox 1018 2186 1275 2230; x_wconf 85' lang='lat' dir='ltr'>adventum</span> <span class='ocrx_word' id='word_1_164' title='bbox 1318 2200 1412 2229; x_wconf 90' lang='lat' dir='ltr'>non</span> <span class='ocrx_word' id='word_1_165' title='bbox 1456 2186 1651 2229; x_wconf 86' lang='lat' dir='ltr'>multum</span> <span class='ocrx_word' id='word_1_166' title='bbox 1694 2186 1856 2230; x_wconf 87' lang='lat' dir='ltr'>valere</span> 
     </span>
     <span class='ocr_line' id='line_1_23' title="bbox 84 2259 1855 2317; baseline -0.002 -11"><span class='ocrx_word' id='word_1_167' title='bbox 84 2261 281 2306; x_wconf 83' lang='lat' dir='ltr'>censuit.</span> <span class='ocrx_word' id='word_1_168' title='bbox 332 2261 574 2305; x_wconf 88' lang='lat' dir='ltr'>Onchesto</span> <span class='ocrx_word' id='word_1_169' title='bbox 597 2259 867 2316; x_wconf 86' lang='lat' dir='ltr'>profectum</span> <span class='ocrx_word' id='word_1_170' title='bbox 902 2259 1039 2303; x_wconf 86' lang='lat' dir='ltr'>deum</span> <span class='ocrx_word' id='word_1_171' title='bbox 1072 2273 1221 2317; x_wconf 85' lang='lat' dir='ltr'>usque</span> <span class='ocrx_word' id='word_1_172' title='bbox 1247 2260 1306 2303; x_wconf 88' lang='lat' dir='ltr'>ad</span> <span class='ocrx_word' id='word_1_173' title='bbox 1329 2259 1567 2316; x_wconf 88' lang='lat' dir='ltr'>Alpheum</span> <span class='ocrx_word' id='word_1_174' title='bbox 1590 2260 1855 2316; x_wconf 84' lang='lat' dir='ltr'>longiorem</span> 
     </span>
     <span class='ocr_line' id='line_1_24' title="bbox 83 2334 1857 2392; baseline -0.002 -11"><span class='ocrx_word' id='word_1_175' title='bbox 83 2335 351 2381; x_wconf 81' lang='lat' dir='ltr'>confecisse</span> <span class='ocrx_word' id='word_1_176' title='bbox 370 2335 497 2379; x_wconf 87' lang='lat' dir='ltr'>viam</span> <span class='ocrx_word' id='word_1_177' title='bbox 516 2335 596 2379; x_wconf 84' lang='lat' dir='ltr'>ille</span> <span class='ocrx_word' id='word_1_178' title='bbox 615 2334 820 2392; x_wconf 86' lang='lat' dir='ltr'>quodam</span> <span class='ocrx_word' id='word_1_179' title='bbox 838 2334 980 2379; x_wconf 87' lang='lat' dir='ltr'>modo</span> <span class='ocrx_word' id='word_1_180' title='bbox 1000 2334 1155 2378; x_wconf 89' lang='lat' dir='ltr'>animo</span> <span class='ocrx_word' id='word_1_181' title='bbox 1177 2334 1270 2378; x_wconf 91' lang='lat' dir='ltr'>sibi</span> <span class='ocrx_word' id='word_1_182' title='bbox 1287 2334 1481 2379; x_wconf 84' lang='lat' dir='ltr'>finxisse</span> <span class='ocrx_word' id='word_1_183' title='bbox 1501 2335 1692 2379; x_wconf 88' lang='lat' dir='ltr'>videtur</span> <span class='ocrx_word' id='word_1_184' title='bbox 1715 2350 1760 2379; x_wconf 87' lang='lat' dir='ltr'>v.</span> <span class='ocrx_word' id='word_1_185' title='bbox 1780 2337 1857 2380; x_wconf 77' lang='lat'>95:</span> 
     </span>
     <span class='ocr_line' id='line_1_25' title="bbox 346 2409 1569 2465; baseline 0.001 -13"><span class='ocrx_word' id='word_1_186' title='bbox 346 2412 491 2452; x_wconf 83' lang='grc' dir='ltr'>πολλὰ</span> <span class='ocrx_word' id='word_1_187' title='bbox 523 2409 560 2452; x_wconf 72' lang='grc' dir='ltr'>δ’</span> <span class='ocrx_word' id='word_1_188' title='bbox 595 2412 674 2465; x_wconf 84' lang='grc' dir='ltr'>ὄρη</span> <span class='ocrx_word' id='word_1_189' title='bbox 710 2413 912 2452; x_wconf 76' lang='grc' dir='ltr'>σκιόεντα</span> <span class='ocrx_word' id='word_1_190' title='bbox 945 2414 1024 2452; x_wconf 75' lang='grc' dir='ltr'>καὶ</span> <span class='ocrx_word' id='word_1_191' title='bbox 1057 2412 1253 2461; x_wconf 75' lang='grc' dir='ltr'>αὐλῶνας</span> <span class='ocrx_word' id='word_1_192' title='bbox 1287 2413 1569 2461; x_wconf 72' lang='grc' dir='ltr'>κελαδεινοὺς</span> 
     </span>
     <span class='ocr_line' id='line_1_26' title="bbox 348 2479 1512 2540; baseline -0.001 -13"><span class='ocrx_word' id='word_1_193' title='bbox 348 2490 426 2527; x_wconf 79' lang='grc' dir='ltr'>καὶ</span> <span class='ocrx_word' id='word_1_194' title='bbox 458 2488 568 2527; x_wconf 78' lang='grc' dir='ltr'>πεδί’</span> <span class='ocrx_word' id='word_1_195' title='bbox 603 2486 875 2539; x_wconf 76' lang='grc' dir='ltr'>ἀνθεμόεντα</span> <span class='ocrx_word' id='word_1_196' title='bbox 906 2487 1086 2539; x_wconf 81' lang='grc' dir='ltr'>διήλασε</span> <span class='ocrx_word' id='word_1_197' title='bbox 1118 2488 1298 2540; x_wconf 76' lang='grc' dir='ltr'>κὺδιμος</span> <span class='ocrx_word' id='word_1_198' title='bbox 1330 2479 1512 2540; x_wconf 77' lang='grc' dir='ltr'><strong>Ἑρμῆς.’</strong></span> 
     </span>
    </p>

    <p class='ocr_par' dir='ltr' id='par_1_6' title="bbox 78 2557 1907 3509">
     <span class='ocr_line' id='line_1_27' title="bbox 82 2557 1856 2616; baseline 0 -14"><span class='ocrx_word' id='word_1_199' title='bbox 82 2559 131 2602; x_wconf 84' lang='grc'>111</span> <span class='ocrx_word' id='word_1_200' title='bbox 175 2559 265 2604; x_wconf 89' lang='lat' dir='ltr'>hac</span> <span class='ocrx_word' id='word_1_201' title='bbox 313 2562 469 2603; x_wconf 82' lang='lat' dir='ltr'>autem</span> <span class='ocrx_word' id='word_1_202' title='bbox 513 2558 732 2602; x_wconf 88' lang='lat' dir='ltr'>itinerum</span> <span class='ocrx_word' id='word_1_203' title='bbox 778 2557 1059 2602; x_wconf 89' lang='lat' dir='ltr'>confusione</span> <span class='ocrx_word' id='word_1_204' title='bbox 1104 2572 1272 2602; x_wconf 85' lang='lat' dir='ltr'>versus</span> <span class='ocrx_word' id='word_1_205' title='bbox 1306 2561 1393 2604; x_wconf 72' lang='lat'>344</span> <span class='ocrx_word' id='word_1_206' title='bbox 1440 2572 1558 2616; x_wconf 86' lang='lat' dir='ltr'>sqq.,</span> <span class='ocrx_word' id='word_1_207' title='bbox 1594 2559 1639 2602; x_wconf 90' lang='lat' dir='ltr'>in</span> <span class='ocrx_word' id='word_1_208' title='bbox 1685 2558 1856 2616; x_wconf 83' lang='lat' dir='ltr'>quihus</span> 
     </span>
     <span class='ocr_line' id='line_1_28' title="bbox 81 2632 1854 2689; baseline -0.001 -12"><span class='ocrx_word' id='word_1_209' title='bbox 81 2633 263 2689; x_wconf 87' lang='lat' dir='ltr'>Kuiper</span> <span class='ocrx_word' id='word_1_210' title='bbox 303 2647 348 2689; x_wconf 88' lang='lat' dir='ltr'>p.</span> <span class='ocrx_word' id='word_1_211' title='bbox 380 2634 437 2677; x_wconf 86' lang='lat'>31</span> <span class='ocrx_word' id='word_1_212' title='bbox 487 2632 701 2688; x_wconf 86' lang='lat' dir='ltr'>offendit,</span> <span class='ocrx_word' id='word_1_213' title='bbox 735 2632 886 2676; x_wconf 91' lang='lat' dir='ltr'>minus</span> <span class='ocrx_word' id='word_1_214' title='bbox 931 2633 979 2675; x_wconf 91' lang='lat' dir='ltr'>in</span> <span class='ocrx_word' id='word_1_215' title='bbox 1024 2646 1213 2677; x_wconf 89' lang='lat' dir='ltr'>censum</span> <span class='ocrx_word' id='word_1_216' title='bbox 1261 2633 1473 2676; x_wconf 86' lang='lat' dir='ltr'>veniunt.</span> <span class='ocrx_word' id='word_1_217' title='bbox 1536 2633 1689 2677; x_wconf 83' lang='lat' dir='ltr'>Poeta</span> <span class='ocrx_word' id='word_1_218' title='bbox 1735 2632 1854 2676; x_wconf 90' lang='lat' dir='ltr'>enim</span> 
     </span>
     <span class='ocr_line' id='line_1_29' title="bbox 81 2706 1852 2763; baseline 0 -13"><span class='ocrx_word' id='word_1_219' title='bbox 81 2707 354 2763; x_wconf 82' lang='lat' dir='ltr'>Apollinem</span> <span class='ocrx_word' id='word_1_220' title='bbox 409 2720 568 2751; x_wconf 84' lang='lat' dir='ltr'>coram</span> <span class='ocrx_word' id='word_1_221' title='bbox 615 2707 742 2751; x_wconf 86' lang='lat' dir='ltr'>Jove</span> <span class='ocrx_word' id='word_1_222' title='bbox 802 2719 991 2751; x_wconf 84' lang='lat' dir='ltr'>causam</span> <span class='ocrx_word' id='word_1_223' title='bbox 1046 2707 1282 2751; x_wconf 89' lang='lat' dir='ltr'>dicentem</span> <span class='ocrx_word' id='word_1_224' title='bbox 1331 2707 1430 2750; x_wconf 90' lang='lat' dir='ltr'>iure</span> <span class='ocrx_word' id='word_1_225' title='bbox 1486 2706 1604 2751; x_wconf 86' lang='lat' dir='ltr'>fecit</span> <span class='ocrx_word' id='word_1_226' title='bbox 1656 2707 1852 2763; x_wconf 86' lang='lat' dir='ltr'>primum</span> 
     </span>
     <span class='ocr_line' id='line_1_30' title="bbox 81 2781 1851 2839; baseline -0.001 -12"><span class='ocrx_word' id='word_1_227' title='bbox 81 2782 245 2827; x_wconf 86' lang='lat' dir='ltr'>delicti</span> <span class='ocrx_word' id='word_1_228' title='bbox 280 2781 472 2838; x_wconf 87' lang='lat' dir='ltr'>indicia,</span> <span class='ocrx_word' id='word_1_229' title='bbox 506 2781 719 2838; x_wconf 83' lang='lat' dir='ltr'>vestigia</span> <span class='ocrx_word' id='word_1_230' title='bbox 753 2781 876 2833; x_wconf 87' lang='lat' dir='ltr'>dico,</span> <span class='ocrx_word' id='word_1_231' title='bbox 911 2795 1048 2839; x_wconf 85' lang='lat' dir='ltr'>quam</span> <span class='ocrx_word' id='word_1_232' title='bbox 1083 2782 1442 2826; x_wconf 81' lang='lat' dir='ltr'>accuratissime</span> <span class='ocrx_word' id='word_1_233' title='bbox 1485 2781 1851 2835; x_wconf 82' lang='lat' dir='ltr'>describentem,</span> 
     </span>
     <span class='ocr_line' id='line_1_31' title="bbox 81 2855 1854 2914; baseline -0.001 -14"><span class='ocrx_word' id='word_1_234' title='bbox 81 2856 251 2901; x_wconf 87' lang='lat' dir='ltr'>deinde</span> <span class='ocrx_word' id='word_1_235' title='bbox 285 2859 458 2901; x_wconf 86' lang='lat' dir='ltr'>testem</span> <span class='ocrx_word' id='word_1_236' title='bbox 491 2856 627 2914; x_wconf 87' lang='lat' dir='ltr'>quasi</span> <span class='ocrx_word' id='word_1_237' title='bbox 660 2857 1001 2912; x_wconf 86' lang='lat' dir='ltr'>producentem</span> <span class='ocrx_word' id='word_1_238' title='bbox 1027 2857 1246 2901; x_wconf 81' lang='lat' dir='ltr'>colonum</span> <span class='ocrx_word' id='word_1_239' title='bbox 1271 2855 1596 2914; x_wconf 77' lang='lat' dir='ltr'>Onchestium3</span> <span class='ocrx_word' id='word_1_240' title='bbox 1631 2857 1724 2900; x_wconf 87' lang='lat' dir='ltr'>iter</span> <span class='ocrx_word' id='word_1_241' title='bbox 1747 2856 1854 2899; x_wconf 86' lang='lat' dir='ltr'>inde</span> 
     </span>
     <span class='ocr_line' id='line_1_32' title="bbox 82 2932 1857 2990; baseline -0.001 -14"><span class='ocrx_word' id='word_1_242' title='bbox 82 2932 140 2977; x_wconf 87' lang='lat' dir='ltr'>ab</span> <span class='ocrx_word' id='word_1_243' title='bbox 174 2933 314 2977; x_wconf 81' lang='lat' dir='ltr'>initio</span> <span class='ocrx_word' id='word_1_244' title='bbox 348 2946 496 2990; x_wconf 85' lang='lat' dir='ltr'>usque</span> <span class='ocrx_word' id='word_1_245' title='bbox 531 2932 593 2976; x_wconf 87' lang='lat' dir='ltr'>ad</span> <span class='ocrx_word' id='word_1_246' title='bbox 624 2933 761 2976; x_wconf 73' lang='lat' dir='ltr'>tinem</span> <span class='ocrx_word' id='word_1_247' title='bbox 797 2946 1035 2988; x_wconf 85' lang='lat' dir='ltr'>exponere</span> <span class='ocrx_word' id='word_1_248' title='bbox 1070 2933 1115 2975; x_wconf 91' lang='lat' dir='ltr'>in</span> <span class='ocrx_word' id='word_1_249' title='bbox 1161 2932 1316 2976; x_wconf 83' lang='lat' dir='ltr'>animo</span> <span class='ocrx_word' id='word_1_250' title='bbox 1362 2932 1442 2976; x_wconf 91' lang='lat' dir='ltr'>ille</span> <span class='ocrx_word' id='word_1_251' title='bbox 1491 2932 1716 2976; x_wconf 85' lang='lat' dir='ltr'>habuisse</span> <span class='ocrx_word' id='word_1_252' title='bbox 1762 2946 1857 2976; x_wconf 87' lang='lat' dir='ltr'>non</span> 
     </span>
     <span class='ocr_line' id='line_1_33' title="bbox 81 3007 1857 3065; baseline -0.001 -14"><span class='ocrx_word' id='word_1_253' title='bbox 81 3008 286 3052; x_wconf 83' lang='lat' dir='ltr'>videtur.</span> <span class='ocrx_word' id='word_1_254' title='bbox 351 3007 446 3052; x_wconf 86' lang='lat' dir='ltr'>Sed</span> <span class='ocrx_word' id='word_1_255' title='bbox 476 3011 730 3065; x_wconf 83' lang='lat' dir='ltr'>utcumque</span> <span class='ocrx_word' id='word_1_256' title='bbox 764 3008 853 3052; x_wconf 87' lang='lat' dir='ltr'>hac</span> <span class='ocrx_word' id='word_1_257' title='bbox 887 3007 944 3051; x_wconf 87' lang='lat' dir='ltr'>de</span> <span class='ocrx_word' id='word_1_258' title='bbox 978 3021 1027 3050; x_wconf 87' lang='lat' dir='ltr'>re</span> <span class='ocrx_word' id='word_1_259' title='bbox 1062 3007 1260 3063; x_wconf 84' lang='lat' dir='ltr'>iudicas,</span> <span class='ocrx_word' id='word_1_260' title='bbox 1294 3007 1362 3051; x_wconf 79' lang='lat' dir='ltr'>ita</span> <span class='ocrx_word' id='word_1_261' title='bbox 1395 3011 1447 3051; x_wconf 87' lang='lat' dir='ltr'>ut</span> <span class='ocrx_word' id='word_1_262' title='bbox 1478 3007 1718 3051; x_wconf 84' lang='lat' dir='ltr'>Robertus</span> <span class='ocrx_word' id='word_1_263' title='bbox 1752 3007 1857 3050; x_wconf 84' lang='lat' dir='ltr'>vult</span> 
     </span>
     <span class='ocr_line' id='line_1_34' title="bbox 82 3081 1855 3139; baseline -0.001 -14"><span class='ocrx_word' id='word_1_264' title='bbox 82 3095 135 3125; x_wconf 86' lang='lat' dir='ltr'>ea</span> <span class='ocrx_word' id='word_1_265' title='bbox 185 3081 643 3139; x_wconf 45' lang='lat' dir='ltr'>explicaristiequit,</span> <span class='ocrx_word' id='word_1_266' title='bbox 676 3096 783 3125; x_wconf 83' lang='lat' dir='ltr'>nam</span> <span class='ocrx_word' id='word_1_267' title='bbox 831 3096 916 3138; x_wconf 85' lang='lat' dir='ltr'>per</span> <span class='ocrx_word' id='word_1_268' title='bbox 962 3085 1115 3125; x_wconf 88' lang='lat' dir='ltr'>totum</span> <span class='ocrx_word' id='word_1_269' title='bbox 1162 3094 1350 3126; x_wconf 86' lang='lat' dir='ltr'>carmen</span> <span class='ocrx_word' id='word_1_270' title='bbox 1397 3081 1561 3126; x_wconf 89' lang='lat' dir='ltr'>eadem</span> <span class='ocrx_word' id='word_1_271' title='bbox 1596 3085 1669 3125; x_wconf 85' lang='lat' dir='ltr'>est</span> <span class='ocrx_word' id='word_1_272' title='bbox 1702 3094 1855 3124; x_wconf 86' lang='lat' dir='ltr'>rernm</span> 
     </span>
     <span class='ocr_line' id='line_1_35' title="bbox 79 3155 1907 3213; baseline -0.001 -13"><span class='ocrx_word' id='word_1_273' title='bbox 79 3155 506 3213; x_wconf 87' lang='lat' dir='ltr'>geographicarum</span> <span class='ocrx_word' id='word_1_274' title='bbox 538 3156 823 3212; x_wconf 83' lang='lat' dir='ltr'>ignorantia,</span> <span class='ocrx_word' id='word_1_275' title='bbox 867 3156 1033 3200; x_wconf 71' lang='lat' dir='ltr'>eadem</span> <span class='ocrx_word' id='word_1_276' title='bbox 1051 3160 1315 3213; x_wconf 82' lang='lat' dir='ltr'>temporum</span> <span class='ocrx_word' id='word_1_277' title='bbox 1337 3155 1708 3200; x_wconf 84' lang='lat' dir='ltr'>definiendorum</span> <span class='ocrx_word' id='word_1_278' title='bbox 1732 3156 1857 3206; x_wconf 77' lang='lat' dir='ltr'>incu—</span> <span class='ocrx_word' id='word_1_279' title='bbox 1876 3179 1907 3187; x_wconf 90' lang='lat'>·-</span> 
     </span>
     <span class='ocr_line' id='line_1_36' title="bbox 78 3229 1855 3287; baseline 0.001 -15"><span class='ocrx_word' id='word_1_280' title='bbox 78 3229 164 3285; x_wconf 88' lang='lat' dir='ltr'>ria,</span> <span class='ocrx_word' id='word_1_281' title='bbox 178 3243 271 3286; x_wconf 86' lang='lat' dir='ltr'>qua</span> <span class='ocrx_word' id='word_1_282' title='bbox 286 3229 343 3274; x_wconf 88' lang='lat' dir='ltr'>de</span> <span class='ocrx_word' id='word_1_283' title='bbox 360 3243 410 3275; x_wconf 90' lang='lat' dir='ltr'>re</span> <span class='ocrx_word' id='word_1_284' title='bbox 429 3229 540 3274; x_wconf 86' lang='lat' dir='ltr'>vide</span> <span class='ocrx_word' id='word_1_285' title='bbox 554 3230 879 3275; x_wconf 87' lang='lat' dir='ltr'>Ludwichium</span> <span class='ocrx_word' id='word_1_286' title='bbox 896 3244 941 3286; x_wconf 86' lang='lat' dir='ltr'>p.</span> <span class='ocrx_word' id='word_1_287' title='bbox 958 3234 984 3274; x_wconf 77' lang='lat'><strong>9</strong></span> <span class='ocrx_word' id='word_1_288' title='bbox 1001 3243 1122 3287; x_wconf 64' lang='lat' dir='ltr'>sqq„</span> <span class='ocrx_word' id='word_1_289' title='bbox 1136 3231 1393 3286; x_wconf 89' lang='lat' dir='ltr'>Kuiperum</span> <span class='ocrx_word' id='word_1_290' title='bbox 1407 3245 1452 3286; x_wconf 89' lang='lat' dir='ltr'>p.</span> <span class='ocrx_word' id='word_1_291' title='bbox 1469 3234 1495 3275; x_wconf 88' lang='grc'><strong>9</strong></span> <span class='ocrx_word' id='word_1_292' title='bbox 1509 3244 1614 3286; x_wconf 83' lang='lat' dir='ltr'>sqq.</span> <span class='ocrx_word' id='word_1_293' title='bbox 1635 3230 1855 3274; x_wconf 83' lang='lat' dir='ltr'>Ceterum</span> 
     </span>
     <span class='ocr_line' id='line_1_37' title="bbox 81 3302 1891 3362; baseline 0.001 -15"><span class='ocrx_word' id='word_1_294' title='bbox 81 3302 398 3347; x_wconf 86' lang='lat' dir='ltr'>conferendae</span> <span class='ocrx_word' id='word_1_295' title='bbox 440 3307 549 3347; x_wconf 82' lang='lat' dir='ltr'>sunt</span> <span class='ocrx_word' id='word_1_296' title='bbox 582 3318 665 3348; x_wconf 90' lang='lat' dir='ltr'>eae</span> <span class='ocrx_word' id='word_1_297' title='bbox 699 3318 817 3362; x_wconf 80' lang='lat' dir='ltr'>quas</span> <span class='ocrx_word' id='word_1_298' title='bbox 850 3303 1102 3360; x_wconf 86' lang='lat' dir='ltr'>Dopheide</span> <span class='ocrx_word' id='word_1_299' title='bbox 1137 3305 1166 3348; x_wconf 93' lang='grc'>1.</span> <span class='ocrx_word' id='word_1_300' title='bbox 1200 3320 1235 3348; x_wconf 82' lang='lat' dir='ltr'>s.</span> <span class='ocrx_word' id='word_1_301' title='bbox 1270 3318 1306 3349; x_wconf 90' lang='lat' dir='ltr'>S.</span> <span class='ocrx_word' id='word_1_302' title='bbox 1339 3319 1384 3361; x_wconf 89' lang='lat' dir='ltr'>p.</span> <span class='ocrx_word' id='word_1_303' title='bbox 1421 3306 1443 3347; x_wconf 92' lang='lat'>1</span> <span class='ocrx_word' id='word_1_304' title='bbox 1480 3305 1585 3348; x_wconf 88' lang='lat' dir='ltr'>adn.</span> <span class='ocrx_word' id='word_1_305' title='bbox 1620 3305 1664 3360; x_wconf 90' lang='lat'>1)</span> <span class='ocrx_word' id='word_1_306' title='bbox 1699 3318 1848 3361; x_wconf 88' lang='lat' dir='ltr'>nuper</span> <span class='ocrx_word' id='word_1_307' title='bbox 1877 3333 1891 3341; x_wconf 87' lang='lat'>-</span> 
     </span>
     <span class='ocr_line' id='line_1_38' title="bbox 81 3377 1854 3437; baseline 0.002 -16"><span class='ocrx_word' id='word_1_308' title='bbox 81 3377 138 3421; x_wconf 88' lang='lat' dir='ltr'>de</span> <span class='ocrx_word' id='word_1_309' title='bbox 189 3381 439 3434; x_wconf 85' lang='lat' dir='ltr'>poetarum</span> <span class='ocrx_word' id='word_1_310' title='bbox 495 3382 542 3422; x_wconf 88' lang='lat' dir='ltr'>et</span> <span class='ocrx_word' id='word_1_311' title='bbox 595 3378 895 3437; x_wconf 83' lang='lat' dir='ltr'>antiquorum</span> <span class='ocrx_word' id='word_1_312' title='bbox 952 3382 999 3422; x_wconf 90' lang='lat' dir='ltr'>et</span> <span class='ocrx_word' id='word_1_313' title='bbox 1052 3379 1370 3424; x_wconf 90' lang='lat' dir='ltr'>recentiorum</span> <span class='ocrx_word' id='word_1_314' title='bbox 1419 3379 1756 3425; x_wconf 88' lang='lat' dir='ltr'>inconstantiis</span> <span class='ocrx_word' id='word_1_315' title='bbox 1807 3384 1854 3424; x_wconf 91' lang='lat' dir='ltr'>et</span> 
     </span>
     <span class='ocr_line' id='line_1_39' title="bbox 78 3439 1666 3509; baseline 0.002 -14"><span class='ocrx_word' id='word_1_316' title='bbox 78 3452 408 3509; x_wconf 84' lang='lat' dir='ltr'>repugnantiis</span> <span class='ocrx_word' id='word_1_317' title='bbox 442 3453 607 3496; x_wconf 86' lang='lat' dir='ltr'>attulit</span> <span class='ocrx_word' id='word_1_318' title='bbox 639 3452 1009 3509; x_wconf 74' lang='lat' dir='ltr'>disputationes,</span> <span class='ocrx_word' id='word_1_319' title='bbox 1664 3439 1666 3442; x_wconf 35' lang='grc'><strong>”</strong></span> 
     </span>
    </p>
   </div>
  </div>
 </body>
</html>
