2274 4036
1179 261 1472 314 —78—

441 438 622 506 vellet,
665 454 987 505 quamquam
1027 438 1129 492 hoc
1168 457 1275 492 non
1315 440 1622 493 necessario
1664 458 1731 494 ex
1758 442 1996 495 Pollucis
2034 443 2220 511 glossa

443 526 869 580 concludendum
929 544 1050 580 esse
1088 528 1370 582 -conced0.
1474 530 1651 582 Potuit
1716 531 1853 583 enim
1913 532 2108 600 Apollo
2165 533 2219 585 in

443 621 647 668 antrum
690 633 749 670 se
806 616 1063 687 conferre,
1122 635 1239 671 cum
1292 618 1594 688 choreutae,
1655 636 1788 686 quos
1842 621 1895 673 in
1928 621 2220 675 *orchestra

440 721 717 758 remanere
758 707 1055 777 oportebat,
1110 708 1338 760 canticis⁴
1373 712 1425 760 et
1465 709 1837 763 saltationibus
1893 715 2221 779 spectatores

443 794 786 848 delectarent.
830 796 1036 848 Tamen
1066 797 1110 849 si
1150 813 1361 850 versum
1390 796 1749 866 Sophocleum
1776 799 1852 852 ita
1888 800 2222 869 interpretari

420 884 582 952 licet,
624 890 680 937 ut
719 901 882 953 supra
933 886 1295 955 exposuimuS,
1348 903 1434 939 res
1473 887 1528 939 in
1577 903 1777 940 scaena
1823 895 2068 956 ageretur
2107 889 2219 944 fere

440 989 668 1026 necesse
710 979 839 1043 erat,
899 992 1022 1028 nam
1085 975 1409 1028 audientium
1470 982 1690 1046 tantum,
1752 978 1848 1031 sed
1905 996 2012 1032 non
2071 996 2219 1048 spec-

440 1063 663 1116 tantium
717 1064 923 1117 animos
966 1082 1031 1117 ea
1070 1066 1160 1118 vix
1216 1066 1608 1119 commovisset.
1691 1067 1837 1120 Lecti
1889 1072 2064 1121 autem
2105 1085 2220 1137 pro-

444 1153 674 1206 ducendi
733 1153 968 1206 facultas>
1003 1171 1108 1206 non
1164 1154 1290 1207 data
1343 1162 1456 1207 erat
1502 1155 1604 1208 nisi
1664 1173 1895 1211 scaenae
1955 1163 2221 1211 exstructa

443 1242 617 1311 domo,
678 1260 773 1312 per
813 1243 960 1296 cuius
1000 1244 1213 1296 ianuam
1255 1244 1346 1297 ille
1388 1245 1501 1298 sive
1551 1246 1926 1314 eccyclematis
1967 1264 2067 1315 ope
2107 1247 2221 1300 sive

442 1332 768 1400 simpliciore
808 1332 967 1386 modo
1007 1333 1192 1386 rotulis
1231 1333 1463 1402 pedibus
1505 1334 1709 1387 suffixis
1751 1335 2217 1407 evolvebatur¹2⁷).

443 1421 820 1485 Quaerendum
858 1422 1016 1489 igitur
1057 1427 1152 1489 est,
1181 1423 1641 1492 Jndagatorumne
1683 1441 1819 1492 quae
1861 1425 2068 1479 ad'nos
2107 1443 2219 1495 per-

441 1517 702 1565 venerunt
747 1511 1010 1579 reliquiae·
1056 1529 1235 1565 eorum
1287 1513 1516 1567 virorum
1569 1514 1844 1568 doctorum
1892 1514 2121 1584 pedibus
2167 1516 2220 1568 in

418 1602 761 1656 ,sententiam
794 1602 875 1675 ire
915 1619 1014 1656 nos
1055 1608 1267 1672 cogant,
1311 1604 1399 1670 qui
1439 1620 1671 1657 scaenae
1713 1604 1870 1658 domo
1899 1604 2218 1680 Sophoclem

442 1691 543 1744 hac
585 1691 770 1744 fabula
808 1692 862 1744 in
905 1692 1118 1745 edenda
1156 1709 1310 1746 usum
1352 1710 1472 1746 esse
1513 1700 1728 1762 negant.

619 1781 881 1835 Robertus
929 1783 1069 1835 enim
1125 1799 1345 1852 specum
1387 1784 1484 1836 sub
1541 1783 1846 1837 orchestrae
1885 1783 2000 1837 solo
2056 1783 2222 1837 fuisse

443 1869 571 1922 dicit
609 1870 662 1922 in
705 1871 948 1924 cuniculo
991 1872 1240 1941 quodam,
1293 1873 1382 1940 qui
1429 1889 1495 1926 ex
1537 1873 1740 1942 campis
1782 1873 1980 1942 apertis
2017 1872 2222 1927 theatro

441 1959 758 2014 Atheniensi
797 1961 989 2015 vicinis
1017 1979 1112 2031 per
1140 1962 1280 2016 altas
1321 1963 1742 2016 substructiones
1784 1967 2053 2016 extremae
2080 1962 2222 2014 illius

442 2050 578 2119 parti
618 2051 889 2104 subiectas
903 2047 988 2118 128)
1032 2068 1199 2119 usque
1222 2053 1280 2104 -in
1314 2052 1545 2105 mediam
1583 2051 1907 2106 orchestram
1935 2052 2222 2121 perductus

442 2140 583 2194 idem
636 2140 825 2195 fuisset
879 2147 1037 2209 atque
1093 2144 1345 2215 χαρώνιοι
1392 2142 1519 2195 illae
1572 2145 1842 2215 κλίμακες,
1894 2141 2036 2195 unde
2085 2147 2221 2195 teste

621 2289 694 2345 127)
728 2291 799 2334 De
847 2291 1172 2348 eccyclemate
1215 2266 1366 2334 fusius
1413 2290 1684 2348 disputavit
1715 2290 1891 2335 Reisch
1925 2289 2224 2346 (Doerpfeld-

442 2365 633 2421 Reisch,
695 2366 793 2408 Das
849 2364 1159 2410 Griechische
1213 2364 1435 2421 Theater,
1489 2365 1646 2408 Athen
1700 2365 1815 2411 1896
1865 2378 1910 2421 p.
1945 2365 2033 2410 234
2085 2368 2222 2421 sqq.),

444 2440 577 2483 cuius
610 2439 896 2483 sententiam
932 2440 1170 2484 censentis
1194 2440 1316 2484 hanc
1347 2440 1613 2484 machinam
1635 2453 1854 2484 scaenam
1887 2438 2052 2495 fuisse,
2085 2452 2220 2496 quam

444 2514 639 2558 Servius
674 2515 735 2558 ad
775 2515 923 2571 Verg.
960 2513 1136 2571 Georg.
1169 2515 1237 2558 III
1269 2517 1327 2560 24
1371 2515 1584 2571 appellat
1626 2514 1865 2570 ductilem,
1912 2527 2007 2558 non
2052 2512 2223 2571 probo,

443 2589 530 2632 sed
560 2590 810 2645 parvulam
844 2603 1065 2633 scaenam
1100 2589 1169 2633 ita
1213 2593 1438 2634 vocatam
1474 2603 1579 2633 esse
1612 2593 1729 2646 puto
1766 2602 1823 2632 ex
1854 2588 1986 2646 ligno
2032 2586 2222 2642 factam,

442 2663 565 2707 rotis
598 2663 894 2720 instructam,
926 2677 1011 2720 per
1044 2678 1247 2708 scaenae
1282 2665 1449 2708 domus
1483 2664 1668 2708 ianuam
1705 2666 1923 2718 emotam,
1963 2662 2096 2707 cuius
2131 2675 2221 2719 ope

444 2751 535 2794 res,
585 2752 704 2795 quae
750 2738 876 2782 intus
927 2738 1194 2783 credendae
1245 2743 1393 2795 erant,
1442 2742 1768 2795 spectatorum
1819 2737 1972 2782 oculis
2021 2736 2223 2781 subicie-

442 2814 644 2871 bantur3
695 2812 753 2859 cf.
802 2814 919 2857 Karl
969 2812 1158 2857 Otfried
1189 2813 1399 2869 Mueller,
1448 2813 1617 2856 Kleine
1667 2811 1907 2857 Schriften
1935 2811 1976 2868 vI,
2023 2811 2220 2855 Breslau

444 2889 558 2933 1847
613 2902 659 2945 p.
712 2888 938 2946 528s529.,
1007 2888 1175 2944 Bethe,
1238 2889 1589 2945 Prolegomena
1652 2901 1732 2930 zur
1795 2886 2084 2931 Geschichte
2139 2885 2222 2929 des

444 2962 690 3018 Theaters,
738 2962 937 3019 Leipzig
985 2964 1100 3008 1896
1148 2975 1192 3018 p.
1233 2963 1319 3008 100
1352 2976 1469 3019 sqq,
1509 2961 1681 3005 Albert
1718 2960 1927 3016 Mueller,
1973 2958 2221 3003 Lohrbuch

445 3037 527 3080 der
568 3036 910 3081 Griechisehen
948 3037 1441 3092 Biihnenaltertiilner,
1475 3036 1708 3092 Freiburg
1746 3035 1860 3081 1886
1892 3048 1936 3091 p.
1962 3033 2222 3089 142‚Wi1a-

443 3112 649 3166 mowitz,
684 3111 936 3168 Euripides
971 3111 1245 3168 Herakles2,
1278 3125 1323 3168 p.
1356 3113 1456 3167 216,
1491 3111 1630 3157 alios.
1677 3110 1825 3154 Unum
1860 3114 2014 3154 autem
2047 3110 2221 3154 lectum

446 3185 506 3229 ad
540 3185 856 3230 evolvendum
890 3186 980 3230 hac
1014 3185 1233 3230 machina
1264 3185 1474 3229 fortasse
1507 3199 1601 3229 non
1635 3199 1754 3242 opus
1790 3187 1920 3241 erat3
1955 3182 2012 3228 cf.
2047 3182 2220 3226 Reisch

444 3261 457 3303 l
493 3275 530 3305 s,
563 3276 598 3304 s.
632 3274 675 3317 p.
709 3261 820 3318 2373
863 3260 1232 3315 Fensterbusch‚
1276 3260 1440 3304 Biihne
1487 3259 1570 3303 des
1615 3258 1981 3315 Aristophanes,
2026 3257 2223 3314 Leipzig

446 3336 561 3380 1912
592 3349 640 3392 p.
675 3336 732 3377 56
765 3349 869 3392 sqq.
1652 3390 1661 3397 ·
1854 3342 1858 3347 ’

624 3408 696 3455 123)
733 3397 797 3453 cf.-
825 3408 1289 3466 Doerpfeld-Reisch
1322 3410 1351 3453 l.
1385 3422 1422 3451 s,
1457 3424 1493 3452 s.
1526 3421 1570 3464 p.
1603 3408 1659 3450 26
1692 3421 1797 3464 sqq.
