2274 4036
1130 277 1425 329 —GO—

388 467 617 520 Mirifica
656 468 806 537 lyrae
834 468 984 521 vocis
1010 469 1092 522 vis
1120 469 1263 522 illius
1293 469 1526 521 animum
1558 469 1716 522 simili
1743 470 1920 539 mocIO,
1950 469 2047 523 sed
2073 471 2163 524 vel

388 557 586 610 maiore
627 556 965 611 vehementia
1005 575 1162 625 quam
1204 563 1498 627 satyrorum
1541 558 1747 627 affecit,
1788 559 1981 628 omnia,
2025 576 2161 627 quae

387 648 440 698 in
505 647 700 716 satyris
764 647 967 700 blanda
1031 654 1083 700 et
1148 648 1368 701 innoxia
1431 648 1557 700 artis
1620 648 1858 701 musicae
1921 653 2163 717 potestas

389 737 656 806 effecerat,
737 736 1123 790 dubitationem
1203 737 1338 807 dico,
1420 723 1795 807 cognitionem,
1875 743 2161 806 stuporem,

389 843 658 880 recessum
700 826 844 896 apud
874 843 992 879 eum
1024 827 1324 896 Sophocles
1353 844 1553 894 magna
1588 842 1716 880 usus
1760 833 1873 879 arte
1915 827 2163 879 dramati-

389 934 452 968 ca
490 916 795 985 iterata,·ut
834 916 909 969 ita
949 916 1140 986 dicam,
1184 922 1235 969 et
1276 923 1433 969 aucta
1473 916 1728 985 depinxit.

565 1006 718 1058 Hanc
758 1005 916 1073 igitur
955 1005 1172 1058 fabulae
1213 1010 1419 1074 partem
1463 1005 1531 1057 ad
1573 1022 1830 1058 summum
1872 1006 1926 1058 in
1967 1022 2166 1058 scaena

389 1096 636 1148 effectum
663 1100 827 1163 poeta
853 1095 1104 1163 instituit,
1148 1095 1244 1148 sed
1273 1111 1352 1164 ea,
1384 1094 1574 1162 quibus
1603 1094 1928 1148 audientium
1958 1095 2165 1148 animos

387 1186 620 1238 maxime
672 1185 959 1238 commovit
1002 1201 1289 1252 eorumque
1331 1185 1789 1253 exspectationem
1832 1185 2016 1253 erexit,
2057 1201 2164 1237 non

389 1291 455 1327 ex
509 1274 708 1343 hymno
750 1275 1053 1343 HomericO,
1095 1274 1190 1327 sed
1254 1292 1319 1326 ex
1376 1290 1471 1327 suo
1530 1274 1787 1344 prompsit
1827 1274 2071 1342 ingenio3
2111 1273 2166 1326 in

389 1364 499 1417 suis
528 1363 761 1417 inventis
790 1364 1094 1417 scaenicam
1123 1364 1303 1432 posuit
1331 1364 1610 1432 actionem,
1642 1363 1710 1416 ad
1739 1380 1896 1430 quam
1924 1363 2167 1416 Mercurii

390 1452 544 1505 dolus
595 1470 702 1506 non
750 1453 970 1506 multum
1025 1452 1255 1520 confert,
1297 1458 1483 1506 contra
1521 1458 1684 1521 poeta
1722 1452 1777 1505 id
1818 1452 1943 1521 egit,
1983 1468 2052 1504 ne
2091 1452 2166 1505 in-

390 1541 678 1609 dagatores
720 1558 783 1594 eo
824 1540 1207 1610 impedirentur
1248 1547 1299 1594 et
1337 1542 1702 1594 retinerentur.
1784 1541 1887 1594 Per
1926 1557 1985 1593 se
2026 1541 2166 1593 enim

388 1631 619 1698 vestigia
658 1637 795 1683 retro
835 1647 994 1684 versa
1022 1630 1092 1683 ad
1118 1636 1316 1699 poetae
1357 1630 1594 1683 scaenici
1634 1631 1964 1699 propositum
1993 1630 2166 1682 minus

393 1726 542 1772 erant
581 1720 792 1788 idonea,
822 1720 1253 1787 ingeniosissime
1293 1721 1453 1788 igitur
1492 1720 1601 1788 ille,
1630 1725 1914 1788 postquam
1942 1719 2166 1773 ducibus

387 1811 545 1863 rectis
603 1827 731 1863 usus
792 1816 887 1878 est,
931 1809 1355 1878 perturbatorum
1410 1810 1718 1862 memoriam
1772 1811 1922 1879 lyrae
1975 1810 2166 1862 effectu

389 1900 558 1968 primo
599 1900 776 1968 posito
818 1900 938 1952 loco
979 1899 1255 1968 paululum
1284 1900 1605 1953 obscuravit.
1672 1899 1988 1953 Narratione
2015 1916 2166 1968 prae·
2241 1941 2243 1943 .

387 1996 534 2042 terea
562 1989 717 2058 epica
736 1989 1113 2041 transformata
1141 1989 1462 2057 simpliciore
1491 1988 1650 2041 modo
1684 1988 1771 2041 vel
1789 1988 2053 2040 maiorem
2094 1986 2167 2040 ef—

391 2079 518 2131 fecit
545 2080 928 2147 confusionem,
951 2079 1094 2131 illius
1123 2095 1318 2131 causae
1344 2077 1742 2146 intellegendae
1779 2077 2168 2146 spectatoribus

391 2169 574 2222 iniecit
615 2169 976 2238 cupiditatem,
1017 2169 1093 2221 rei
1133 2169 1293 2236 igitur
1332 2169 1468 2221 bene
1507 2175 1668 2221 notae
1711 2174 1763 2221 et
1804 2167 1948 2236 apud
1983 2183 2168 2220 omnes

388 2264 717 2327 pervagatae
777 2264 984 2326 gratam
1046 2258 1194 2311 dedit
1251 2259 1569 2325 novitatem,
1610 2275 1733 2311 nam
1787 2257 1884 2310 has
1924 2255 2170 2310 Mercurii

391 2349 607 2402 fraudes
648 2348 928 2402 audientes
958 2366 1143 2401 omnes
1185 2354 1237 2401 et
1279 2354 1595 2417 exspectare
1625 2354 1677 2400 et
1706 2363 1901 2415 cupere
1941 2346 2033 2399 ille
2061 2363 2167 2397 non

389 2438 686 2505 ignorabat.
822 2439 1126 2492 Nonnullae
1193 2438 1331 2491 enim
1396 2455 1483 2491 res
1560 2438 1613 2490 in
1680 2436 1909 2504 antiquis
1972 2435 2169 2505 mythis

390 2533 636 2580 narratae
696 2534 908 2596 praeter
963 2533 1167 2600 ceteras
1218 2527 1489 2580 hominum
1549 2527 1755 2579 animos
1813 2525 2167 2578 commovisse

392 2705 704 2750 Unwahrheit
737 2708 942 2762 gesagt‘?
994 2703 1271 2760 Vollgraffii
1306 2703 1586 2748 coniectura
1617 2717 1662 2759 p.
1685 2705 1743 2749 89
1777 2707 1863 2757 μῶν
1898 2701 2085 2757 ἀληθ[ὲς
2119 2703 2167 2743 οὐ

391 2780 533 2836 τόδε];
569 2780 648 2823 vel
682 2785 768 2834 μῶν
803 2779 991 2835 ἀληθῘ-ἐς
1025 2781 1104 2821 οὐκ
1137 2782 1206 2832 ἄρ’
1240 2777 1337 2835 ἦνἸς
1388 2778 1540 2822 minus
1591 2776 1651 2820 ad
1698 2782 1972 2833 satyrorum
2024 2774 2168 2818 irrisi-

394 2868 530 2897 onem
566 2857 679 2909 apta
714 2857 801 2897 est.

567 2927 642 2982 106)
676 2929 855 2973 Versus
906 2929 996 2972 col.
1045 2927 1158 2971 VIII
1220 2927 1288 2983 15,
1338 2929 1424 2970 199
1472 2940 1575 2983 sqq.
1627 2939 1729 2970 011111
1779 2925 1944 2969 charta
1992 2923 2166 2980 divisi,

392 3003 703 3047 Pearsonium
752 3003 841 3046 hac
891 3003 935 3045 in
984 3017 1034 3046 re
1083 3002 1237 3046 secuti
1286 3005 1395 3044 sunt
1442 3001 1623 3044 Koerte
1656 3014 1699 3055 p.
1734 3000 1834 3055 560,
1882 2997 2165 3042 Theodorus

395 3077 619 3132 Reinach,
652 3078 818 3121 Revue
865 3078 948 3121 des
998 3076 1167 3120 ctudes
1203 3075 1447 3131 Grecques
1493 3074 1607 3119 1913
1650 3088 1695 3129 p.
1728 3075 1799 3127 98,
1834 3071 2167 3116 Muenscherus

391 3167 437 3209 p.
473 3156 571 3207 183,
604 3151 850 3209 Vollgraff
886 3166 931 3207 p.
977 3154 1047 3207 87,
1102 3151 1180 3207 qui
1227 3149 1370 3194 etiam
1415 3149 1608 3192 chartae
1651 3146 1935 3203 scripturam
1976 3160 2020 3189 v.
2057 3146 2168 3191 199:

394 3231 496 3282 μέν’,
546 3232 582 3269 εἰ
631 3230 776 3278 θέλεις
826 3226 1067 3270 defendit:
1129 3239 1264 3268 mane
1314 3224 1395 3279 sis,
1428 3222 1478 3266 id
1527 3226 1601 3266 est
1663 3234 1852 3265 manere
1901 3224 1948 3264 te
1997 3218 2167 3275 iubeo3

395 3301 581 3356 „bleibe
630 3301 905 3357 gefalligst“
954 3299 1233 3343 Germanice
1283 3298 1497 3353 dicimus,
1533 3295 1591 3340 cf.
1636 3296 1851 3340 Pearson
1897 3308 1942 3351 p.
1989 3294 2078 3339 210
2122 3302 2170 3336 et

394 3375 572 3420 Stamm
605 3375 677 3420 W.
711 3375 774 3418 kl.
809 3375 893 3419 Ph.
927 3376 998 3430 47,
1032 3375 1147 3420 1913
1180 3388 1224 3430 p.
1259 3373 1398 3429 12773
1439 3383 1484 3415 v.
1518 3371 1605 3416 200
1636 3367 1969 3426 Vollgraffium
2003 3369 2169 3412 secuta

394 3450 565 3506 scripsi
603 3454 685 3504 ὅπῃ
721 3442 839 3504 δὺνᾴ.
