2274 4036
977 367 1297 424 485-—

234 541 510 615 paululum
565 562 726 615 supra
786 542 1113 599 orchestram
1174 546 1401 615 elevato,
1461 546 1515 598 in
1577 551 1816 599 extrema
1871 544 2015 600 illius

234 640 402 704 parte,
458 641 512 687 ut
550 635 775 704 videtur,
819 636 935 688 sit0.
1021 635 1161 689 Nam
1201 652 1330 688 casu
1371 640 1513 688 certe
1552 653 1659 688 non
1701 635 1908 706 accidit,
1961 643 2016 688 ut

151 759 153 762 -
234 724 319 778 hic
370 724 522 778 collis
575 725 682 777 illis
732 724 864 793 ipsis
922 730 1424 778 commemoraretur
1481 725 1631 794 lociS,
1693 726 1884 792 quibus
1929 742 2014 779 res

234 816 402 883 prope
443 830 694 866 scaenam
727 813 1060 882 *agebanturg
1100 813 1295 882 Apollo
1329 815 1385 866 -in
1426 814 1648 883 prologo
1689 821 1922 868 montem
1959 815 2012 868 in

235 919 466 956 scaenae
507 902 679 956 fronte
722 902 949 956 fortasse
1001 903 1200 972 pictum
1240 903 1329 956 vel
1370 904 1548 957 linteis
1587 904 1794 972 rupium
1836 904 2020 958 colore.

234 992 524 1061 propositis
576 992 1135 1069 repraesentatum143)
1193 992 1451 1062 Cyllenen
1509 993 1839 1062 appellatum
1895 1010 2015 1047 esse

236 1086 567 1150 spectatores
608 1081 766 1135 docet
806 1082 905 1134 col.
949 1082 1015 1135 II.
1059 1083 1109 1150 4,
1152 1082 1217 1134 31
1264 1098 1407 1151 sqq.3
1465 1082 1588 1135 dum
1635 1084 1688 1135 in
1745 1081 2015 1136 orchestra

237 1171 400 1240 satyri
440 1171 668 1239 vestigia
707 1170 983 1239 indagant,
1042 1171 1166 1223 clivi
1206 1187 1492 1238 numquam
1533 1171 1590 1224 fit
1630 1172 1852 1240 mentioz,
1904 1178 2014 1225 tum

236 1265 412 1313 autem
451 1259 530 1312 illi
571 1258 883 1312 ascendisse
925 1259 1182 1327 dicuntur,
1226 1276 1342 1313 cum
1381 1260 1451 1313 ad
1491 1266 1699 1313 antrum
1738 1261 1860 1314 illos
1900 1278 2013 1330 per-

234 1350 449 1403 venisse
507 1365 665 1403 nemo
725 1366 831 1402 non
890 1350 1299 1420 intellegit¹44)3
1360 1350 1584 1419 Cyllene
1641 1367 1669 1403 e
1730 1350 1859 1404 sede
1919 1368 2015 1404 sua

413 1503 491 1562 143)
522 1505 767 1562 Vollgraff
791 1519 836 1562 p.
871 1505 927 1550 86
961 1505 1018 1548 de
1052 1504 1214 1548 linteis
1246 1504 1394 1568 pictis
1427 1504 1781 1561 superinductis
1816 1499 2014 1561 cogitat,

237 1580 366 1638 quod
398 1593 425 1624 a
456 1579 804 1636 probabilitate
839 1583 969 1623 certe
1003 1592 1098 1623 non
1132 1578 1372 1623 abhorret.
1435 1579 1691 1635 Robertus,
1733 1579 1812 1636 qui
1844 1577 2015 1624 Bethei

234 1654 406 1700 librum
467 1654 749 1710 inscriptum
816 1653 1168 1709 Prolegomena
1232 1667 1270 1696 z.
1341 1651 1631 1697 Geschichte
1685 1653 1728 1698 d.
1781 1652 2014 1699 Theaters

235 1728 491 1782 recensuit,
541 1727 594 1771 G.
639 1726 692 1772 G.
738 1727 794 1771 A.
845 1727 959 1773 1897
1002 1741 1047 1782 p.
1089 1726 1159 1782 36,
1215 1726 1358 1771 dicit:
1408 1727 1550 1783 „Was
1602 1727 1878 1785 berechtigt
1928 1741 2014 1772 uns

234 1817 328 1847 nun
375 1816 430 1847 zu
475 1801 566 1846 der·
603 1801 934 1858 Supposition,
991 1798 1082 1844 dass
1121 1801 1233 1857 jene
1282 1801 1469 1845 Ho‘hlen
1521 1801 1617 1845 und
1669 1800 2015 1857 Strandfelsen,

237 1875 322 1921 auf
365 1876 440 1920 die
484 1874 816 1922 Vorderwand
860 1875 944 1919 der
991 1874 1148 1923 Skene
1197 1874 1461 1931 aufgemalt
1507 1876 1602 1931 und
1642 1875 1775 1920 nicht
1811 1876 1903 1919 wie
1936 1875 2014 1920 bei

236 1949 501 2008 Aischylos
546 1948 822 2006 kerperlich
864 1940 1163 2005 dargestellt,
1210 1962 1294 1993 aus
1328 1949 1513 1994 Bohlen
1546 1949 1640 1993 und
1673 1948 1868 1994 Steinen
1918 1949 2015 1994 auf-

236 2025 415 2088 gehaut
465 2025 661 2069 waren?
721 2023 983 2070 Vielleicht
1026 2024 1167 2081 lagen
1215 2024 1285 2068 sie
1328 2024 1462 2069 nicht
1507 2025 1639 2069 mehr
1670 2025 1718 2068 in
1752 2024 1835 2069 der
1865 2025 2015 2082 Mitte,

236 2101 443 2145 sondern
501 2099 547 2142 in
614 2099 697 2142 der
758 2098 975 2142 hinteren
1037 2097 1198 2142 Halfte
1254 2098 1338 2142 der
1391 2098 1662 2154 Orchestra,
1727 2099 1812 2143 das
1877 2112 2014 2156 wage

234 2173 312 2219 ich
343 2173 478 2218 nicht
510 2158 565 2217 iu
599 2171 923 2217 entscheiden.
987 2171 1118 2215 Aber
1150 2172 1236 2216 das
1269 2171 1510 2229 behaupte
1543 2172 1635 2229 ich,
1682 2170 1773 2216 dass
1808 2172 1883 2217 die
1918 2173 2014 2217 alte

236 2247 327 2292 Art
358 2248 443 2292 der
473 2246 782 2302 Herstellung
815 2246 891 2290 die
939 2244 1226 2296 einfachere‚
1273 2245 1622 2303 praktischere,
1666 2246 1887 2303 billigere
1920 2248 2015 2293 und

235 2321 668 2379 wirkungsvollere
718 2321 857 2364 war.“
924 2320 1027 2364 Hoc
1071 2320 1177 2364 viro
1224 2320 1369 2365 docto
1416 2321 1744 2377 concederem,
1792 2321 1833 2365 si
1875 2334 2014 2365 unam

235 2394 445 2440 fabulam
479 2394 541 2438 ad
589 2393 820 2438 edendam
854 2393 1175 2438 Athenienses
1222 2394 1314 2438 hoc
1359 2393 1627 2440 aedificium
1669 2408 1726 2438 ex
1772 2394 2014 2452 lapidibus

236 2469 476 2528 tignisque
512 2468 884 2526 exstruxissent3
917 2467 1004 2513 sed
1029 2482 1128 2512 cum
1163 2472 1262 2513 tres
1297 2469 1588 2526 comoedias,
1609 2468 1795 2514 ‘novem
1826 2473 2015 2528 tragoe-

237 2545 356 2601 dias,
402 2549 501 2590 tres
535 2543 724 2589 fabulas
773 2543 1012 2601 satyricas
1061 2548 1169 2587 ante
1220 2544 1418 2588 eundem
1465 2548 1674 2589 montem
1722 2544 2014 2602 eandemque

237 2619 514 2677 speluncam
562 2623 696 2664 actas
747 2631 854 2663 esse
888 2618 963 2662 vir
1011 2618 1184 2663 doctus
1233 2618 1387 2663 adhuc
1414 2619 1533 2662 mihi
1564 2633 1659 2664 non
1704 2620 2013 2677 persuaserit,

238 2693 527 2740 contendere
561 2693 714 2737 audeo
751 2697 798 2737 et
841 2692 1103 2749 simplicius
1136 2698 1183 2739 et
1215 2692 1276 2736 ad
1308 2707 1461 2737 rerum
1512 2693 1821 2739 condiciones
1855 2694 2013 2751 aptius

239 2773 287 2812 et
316 2767 514 2813 minoris
546 2767 695 2812 fuisse
728 2768 871 2824 pretii
903 2781 1042 2811 unum
1080 2767 1299 2824 idemque
1345 2766 1613 2812 aedificium
1647 2768 1715 2812 ita
1747 2768 2013 2826 instituere,

236 2842 358 2886 utin
389 2841 547 2887 fronte
580 2841 723 2886 modo
758 2855 907 2897 mons,
941 2841 1083 2886 modo
1109 2842 1291 2897 domne,
1325 2842 1467 2886 modo
1502 2842 1627 2886 silva
1659 2844 2013 2900 repraesentari

236 2921 418 2974 posset,
479 2920 624 2973 prout
682 2915 844 2960 fabula
905 2915 1035 2959 edita
1094 2916 1364 2960 scaenicum
1411 2916 1665 2974 flagitabat
1717 2922 2012 2975 apparatum.

237 2991 369 3035 Hanc
418 2991 581 3048 'ipsam
636 2990 696 3034 ad
748 3004 845 3034 rem
910 2990 1339 3047 scaenographiam
1402 3005 1521 3048 quae
1579 2992 1754 3036 dicitur
1812 2994 1892 3037 vel
1943 2993 2010 3038 ab

0 3045 22 3129 3}
237 3065 482 3123 Aeschylo
546 3067 625 3110 vel
679 3079 706 3108 a
759 3065 1000 3121 Sophocle
1066 3065 1308 3109 inventam
1375 3079 1480 3110 esse
1535 3066 1771 3123 quispiam
1823 3067 2010 3128 dixerit,

0 3132 24 3203 ,ξ
239 3139 456 3197 quamvis
505 3139 728 3196 ambigua
761 3140 818 3183 de
852 3139 988 3183 huius
1033 3139 1150 3183 artis
1187 3139 1471 3196 primordiis
1504 3139 1658 3185 nobis
1705 3141 1885 3185 tradita
1917 3142 2013 3187 sint

0 3200 21 3263 ιξ»,
236 3214 534 3271 testimonia3
569 3213 626 3259 cf.
660 3214 716 3258 A.
741 3214 950 3269 Mueller,
981 3213 1231 3258 Lehrbuch
1253 3228 1299 3271 p.
1323 3214 1421 3270 116,
1455 3214 1539 3258 Ph.
1573 3214 1737 3272 Suppl.
1760 3215 1862 3271 VII,
1896 3218 2011 3262 1899

0 3249 26 3390 ,ἶ
237 3302 282 3344 p.
301 3288 371 3343 15,
395 3288 543 3345 Suppl
561 3287 626 3332 VI
644 3289 938 3334 1891-1893
960 3302 1005 3343 p.
1026 3287 1174 3345 15s16‚
1191 3288 1435 3345 Vollgraff
1445 3302 1490 3345 p.
1513 3288 1584 3333 86.
1618 3289 1782 3334 Utrum
1801 3289 1890 3334 hac
1909 3294 2010 3334 arte

238 3362 454 3408 adhibita
487 3376 545 3406 an
578 3363 674 3407 alia
704 3362 893 3407 ratione
929 3375 1134 3406 scaenae
1169 3362 1438 3407 aedificium
1470 3363 1678 3419 ligneum
1711 3363 1760 3411 in
1801 3368 2010 3413 montem

222 3434 472 3494 'Cyllenen
504 3450 784 3482 conversum
818 3435 975 3492 fuerit,
1008 3450 1102 3481 non
1133 3437 1298 3493 liquet.

372 3544 374 3546 -
415 3507 491 3566 144)
539 3510 784 3567 Vollgraff
850 3510 942 3555 hoc
1011 3524 1069 3554 ex
1137 3524 1282 3555 versu
1334 3512 1420 3558 195
1488 3511 1746 3569 conclusit3
1822 3511 2011 3564 accedit
