2274 4036
449 533 548 584 De
588 532 1151 601 Indagatorum
1193 532 1522 586 fabulae
1565 535 1796 587 exitu.

411 681 636 733 sirecte
667 681 839 734 adhuc
879 683 1177 735 ratiocinati
1217 698 1414 751 sumUS,
1456 700 1624 736 rerum
1669 684 2009 737 condiciones

232 769 285 820 in
327 768 426 820 hac
479 769 694 823 fabulae
735 776 886 839 parte
939 772 1140 824 similes
1183 778 1333 824 erant
1384 778 1543 839 atque
1584 774 1635 824 in
1678 773 1858 842 hymni
1898 791 2009 826 ver-

232 857 378 910 sibus
424 858 528 911 401
574 876 687 926 sqq.
768 859 1017 912 Phoebus
1073 860 1212 912 enim
1264 861 1316 912 in
1374 862 1606 914 carmine
1664 862 1819 930 epico
1876 861 2007 914 duas

232 963 349 998 cum
390 946 547 1000 fratre
590 949 963 1002 altercationes
1001 948 1179 1018 habet,
1223 948 1444 1002 alteram
1475 950 1528 1002 in
1556 955 1736 1002 monte
1765 949 2007 1018 Cyllene,

233 1034 298 1087 de
340 1052 444 1102 qua
505 1054 665 1105 supra
719 1037 962 1106 diximus,
1021 1038 1241 1090 alteram
1296 1033 1438 1106 apud
1477 1038 1740 1107 Alpheum
1796 1038 2008 1106 flumen,

232 1141 335 1192 quo
375 1126 526 1179 ,lovis
567 1128 711 1179 iussu
755 1127 970 1180 fratrem
1026 1128 1306 1181 comitatus
1346 1128 1633 1180 Mercurius
1680 1129 1839 1180 boum
1880 1128 2007 1181 late-

231 1215 353 1267 bras
393 1215 470 1266 illi
511 1215 782 1268 indicavit.
862 1217 1013 1270 Jovis
1055 1216 1250 1270 iudicio
1290 1218 1426 1270 inter
1465 1217 1599 1270 haec
1649 1218 1916 1285 colloquia
1956 1218 2009 1270 in

228 1303 424 1372 hymno
475 1305 785 1373 interposito
826 1311 989 1374 poeta
1037 1300 1318 1359 scaenicus
1359 1307 1551 1376 satyris
1603 1306 2008 1374 indagatoribus

228 1391 457 1445 inductis
498 1410 678 1446 carere
719 1395 912 1462 potuit,
953 1411 1115 1462 grege
1157 1401 1437 1464 praeterea
1475 1397 1529 1448 in
1572 1395 1815 1465 Cyllenio
1858 1403 2008 1448 antro

197 1465 511 1550 'occultato,
574 1483 781 1535 duobus
840 1485 998 1551 igitur
1051 1485 1184 1537 loeis
1225 1485 1278 1537 in
1334 1501 1492 1537 unum
1552 1486 1703 1552 quasi
1757 1484 2007 1553 redactis,

228 1578 512 1640 postquam
579 1573 884 1641 Apollinem
957 1574 1165 1626 fratrem
1247 1575 1651 1628 convenientem
1717 1575 1859 1643 fecit,
1940 1575 2009 1627 ad

233 1660 459 1714 eundem
511 1678 683 1714 rerum
726 1668 919 1714 statum
973 1663 1234 1732 pervenit,
1292 1681 1394 1730 quo
1442 1670 1603 1733 poeta
1653 1665 1836 1733 epicus
1891 1664 2023 1716 loco·

232 1765 393 1817 supra
445 1749 600 1802 dicto
690 1749 807 1813 Qua
857 1767 912 1803 re
973 1752 1187 1819 cognita
1245 1769 1348 1804 non
1406 1753 1562 1805 nimis
1622 1752 1874 1805 audacter
1924 1770 2008 1806 me

231 1838 479 1906 progredi
532 1839 695 1905 diceS,
757 1840 800 1892 si
852 1842 904 1895 in
957 1840 1142 1893 fabula
1194 1842 1425 1910 satyrica
1475 1859 1583 1894 rem
1639 1842 1797 1894 simili
1848 1842 2007 1894 modo

233 1928 478 1983 evenisse
538 1929 839 1981 coniecero:
900 1929 1094 1997 Apollo
1153 1930 1472 1998 simulatque
1532 1930 1745 1983 fratrem
1790 1948 1817 1983 e
1869 1932 2051 1983 lecto>

228 2016 419 2084 rapuit,
462 2033 794 2084 quacumque
835 2016 985 2070 voles
1027 2019 1231 2071 ratione
1273 2020 1559 2087 impeditus
1589 2026 1685 2089 est,
1729 2021 2007 2086 quominus

229 2123 390 2173 grege
449 2107 701 2174 potiretur
718 2106 810 2174 15ss).
892 2108 1060 2160 Iratus
1120 2109 1210 2161 ille
1271 2108 1670 2162 adulescentem
1730 2110 2004 2177 puniturus

231 2183 666 2262 est,''Mercurius
715 2204 889 2249 autem
931 2198 1048 2266 lyra
1089 2215 1154 2250 ex
1206 2200 1538 2252 vestimentis
1589 2205 1835 2267 prompta
1888 2216 2004 2251 cum

231 2285 388 2354 canit,
430 2285 642 2338 fratrem
683 2287 783 2338 sibi
827 2287 1090 2339 conciliat.

407 2374 543 2426 Dum
583 2375 944 2427 reconciliatio
984 2376 1057 2443 fit,
1115 2376 1271 2429 deum
1328 2382 1594 2429 versutum
1637 2376 1816 2429 dolum
1859 2376 2006 2429 fratri

228 2463 481 2514 nexuisse
541 2480 574 2514 a
630 2463 735 2515 fide
794 2480 900 2516 non
961 2464 1224 2517 abhorret.
1316 2465 1543 2517 Kurfess
1602 2466 1914 2517 Mercurium
1975 2483 2006 2517 a

228 2549 448 2603 Phoebo
489 2568 665 2603 arcum
724 2553 1038 2620 surripuisse
1067 2554 1392 2622 suspicatur,
1447 2559 1504 2606 ut
1542 2555 1789 2606 Horatius
1829 2562 2008 2607 narrat

227 2638 281 2690 in
323 2640 555 2692 carmine
595 2641 635 2692 Ι.
683 2641 766 2709 10,
824 2658 981 2708 quam
1035 2641 1251 2695 fabulae
1300 2643 1598 2696 versionem
1651 2651 1865 2711 poetam
1908 2644 2004 2695 La—

226 2729 392 2780 tinum
432 2729 634 2781 Alcaeo
684 2729 879 2782 debere
921 2731 1017 2783 viri
1059 2731 1199 2784 docti
1252 2749 1317 2784 ex
1358 2733 1738 2801 Porphyrionis
1788 2732 2005 2786 scholiis

229 2817 298 2870 ad
337 2817 437 2870 hoc
493 2836 706 2871 carmen
750 2825 802 2872 et
843 2821 1144 2873 Pausaniae
1197 2821 1426 2888 quodam
1469 2823 1588 2875 loco
1630 2823 1764 2890 (VII.
1810 2824 1894 2891 20,
1939 2826 2003 2889 ‘23

232 2908 294 2959 ΙΙ.
338 2909 370 2959 2
411 2926 462 2976 p.
508 2910 612 2961 733
655 2909 737 2961 ed.
781 2910 1292 2979 Hitzig-Bluemner)
1342 2912 1445 2963 iam
1489 2911 1686 2963 dudum
1728 2912 2003 2964 intellexe-

228 3003 360 3049 runt.
439 2998 689 3050 Attamen
730 3016 834 3050 non
878 3004 973 3067 est,
1032 3016 1122 3051 cur
1161 2998 1485 3067 Sophoclem
1526 3005 1742 3068 poetam
1783 3000 2003 3068 lyricum

228 3090 466 3138 secutum
508 3103 628 3140 esse
676 3092 940 3156 putemne,
998 3093 1052 3139 nt
1091 3088 1316 3141 Kurfess
1358 3089 1500 3157 vult3
1558 3089 1600 3141 si
1641 3106 1696 3142 re
1745 3106 1872 3141 vera
1911 3089 2002 3141 ille

405 3267 479 3322 153)
515 3267 574 3311 cf.
609 3267 768 3324 hymni
804 3281 968 3310 versus
1002 3267 1089 3312 409
1122 3282 1242 3324 sqq„
1275 3267 1396 3311 infra
1429 3282 1536 3324 app.
1569 3269 1611 3311 ll
1645 3282 1690 3324 p.
1724 3268 1793 3314 96.
1838 3267 2002 3312 Utrum

172 3334 174 3336 V
228 3340 406 3384 similes
452 3344 594 3396 atque
628 3341 674 3383 in
719 3341 892 3397 hymno
925 3340 1140 3383 Mercurii
1186 3340 1376 3384 fraudes
1411 3341 1679 3397 Sophocles
1723 3341 1912 3385 finxerit
1945 3356 2002 3384 an

228 3414 369 3458 aliam
388 3414 619 3470 quandam
639 3414 821 3458 Phoebi
847 3414 1117 3470 decipiendi
1143 3415 1496 3470 excogitaverit
1517 3416 1763 3469 rationem,
1789 3416 2000 3459 bovesne

228 3489 307 3532 ille
341 3489 512 3532 fecerit
544 3489 590 3531 in
625 3490 919 3533 orchestram
953 3489 1258 3544 prodeuntes,
1293 3489 1543 3533 diiudicari
1577 3490 1753 3545 nequit.
