2274 4036
0 3277 3 3358 ἱ

868 294 1159 349 —43-

130 491 278 543 nosa‚
319 477 375 526 ut
412 473 487 526 ita
526 471 716 541 dicam,
760 471 991 525 donariis
1029 470 1255 539 repleta
1277 470 1413 522 sicut
1452 486 1532 537 ea,
1564 485 1700 540 quae
1739 468 1898 537 tignis

130 561 380 615 adhibitis
419 561 794 632 lapidibusque
836 566 985 613 erant
1012 558 1309 626 aedificata,
1341 558 1558 611 famulis
1586 575 1766 611 carere
1794 575 1899 611 non

130 652 368 723 potuisse
433 656 593 722 poeta
656 656 798 704 recte
874 654 1152 721 reputasse
1229 648 1355 701 mihi
1420 647 1628 701 videtur
1690 666 1738 701 v.
1805 647 1897 700 60:

133 744 453 814 ἀμφιπόλους
493 762 547 796 τε
586 743 790 812 γέραιρε
833 783 843 793 .
890 782 900 793 .
947 783 956 792 .
999 739 1173 809 Prope
1209 737 1430 792 Idaeum
1474 744 1677 790 antrum
1715 736 1900 789 funda-

131 835 312 883 menta
388 829 618 883 aedificii
697 828 971 882 cuiusdam
1050 833 1276 899 exstant,
1355 827 1446 880 ubi
1522 828 1899 899 imperatorum

131 920 487 972 Romanorum
540 924 715 972 aetate
771 917 1018 972 custodes
1076 917 1350 971 habitasse
1402 917 1679 970 Fabricius
1739 915 1905 968 credit

134 1009 186 1075 (l.
217 1024 257 1061 s.
288 1023 328 1060 s,
360 1026 410 1079 p.
441 1008 563 1075 62);
603 1008 875 1079 prioresne
916 1006 1165 1061 custodes
1204 1006 1414 1060 levibus
1452 1004 1646 1059 fuerint
1672 1005 1906 1058 contenti

132 1096 510 1164 tabernaculis,
564 1113 700 1166 quae
752 1096 900 1149 nulla
953 1096 1261 1166 reliquerint
1314 1095 1558 1164 vestigia,
1610 1095 1904 1161 nescimus3

139 1185 240 1239 sed'
276 1201 367 1238 cur
414 1185 597 1254 hymni
638 1186 909 1239 Homerici
961 1188 1284 1258 ἀμφιπόλους
1325 1184 1690 1256 interpolatori
1744 1183 1904 1236 tribu-

136 1290 511 1343 amus,.causa
548 1274 789 1346 profecto
830 1292 937 1327 non
977 1280 1072 1327 est.
1153 1274 1408 1327 Famulos
1464 1279 1642 1327 autem
1684 1273 1907 1326 donaria

135 1363 315 1432 magni
368 1364 524 1434 pretii
578 1379 685 1416 non
736 1363 1030 1417 latronibus
1081 1364 1389 1435 permisisse
1447 1362 1762 1436 diripienda⁷
1812 1362 1908 1414 sed

137 1470 316 1507 aream
365 1453 558 1506 circum
605 1458 810 1505 antrum
868 1452 1120 1505 cancellis
1161 1452 1511 1525 saepiendam
1550 1451 1909 1524 prothyroque

138 1541 525 1596 occludendam
555 1542 827 1595 curavisse
854 1559 950 1613 per
976 1558 1034 1595 se
1063 1542 1194 1594 satis
1221 1541 1500 1614 probabile
1530 1546 1638 1608 est3
1681 1539 1908 1594 cohortis

140 1638 326 1704 portae
367 1638 434 1701 (v.
467 1633 552 1703 26,
587 1633 707 1702 158,
738 1633 864 1700 271)
906 1633 1121 1686 minime
1163 1640 1282 1686 sunt
1320 1632 1642 1686 reiciendae.
1721 1632 1909 1703 Neque

138 1721 298 1775 fidem
338 1721 520 1792 hymni
561 1706 784 1775 auctori·
809 1721 931 1775 ideo
987 1723 1097 1775 iure
1150 1723 1429 1793 quisquam
1486 1722 1726 1789 abrogat,
1769 1720 1912 1790 quod

139 1811 312 1864 Maiae
376 1812 696 1865 vestimenta
761 1811 908 1865 dedit
973 1811 1273 1883 splendida,
1335 1810 1554 1864 deorum
1620 1811 1794 1864 cibum
1861 1815 1913 1862 et

139 1901 428 1970 potionem,
470 1900 658 1955 domus
698 1906 905 1972 portam
946 1901 1175 1954 claustro
1216 1901 1472 1953 munitam
1498 1900 1911 1970 Apollinemque

139 1989 346 2044 induxit
385 1990 538 2044 clave
572 1990 737 2059 adyta
771 1978 1134 2044 recludentem
1165 1994 1234 2058 (v.
1269 1990 1373 2043 145
1411 2006 1545 2062 sqq„
1588 1989 1693 2042 246
1736 1993 1911 2060 sqq.);

140 2096 264 2132 nam
304 2080 486 2132 matris
524 2096 611 2134 res
652 2079 974 2133 domesticas
1014 2086 1120 2132 tam
1163 2079 1423 2132 humanas
1470 2079 1561 2131 ille
1613 2079 1713 2132 sibi
1764 2079 1914 2131 finxit

142 2185 302 2239 quam
328 2169 570 2222 Mercurii
609 2169 703 2222 filii
741 2169 975 2223 rationes
1014 2185 1313 2240 moresque,
1344 2169 1433 2239 qui
1473 2169 1629 2221 nimis
1656 2184 1910 2221 nonnum-

145 2273 302 2328 quam
345 2257 626 2327 diligenter
665 2258 907 2312 homines
947 2259 1183 2311 imitatus
1225 2263 1320 2311 est.

318 2346 571 2400 Indoctus
613 2347 751 2400 enim
793 2348 1041 2401 carminis
1083 2348 1221 2417 epici
1268 2352 1450 2400 auctor
1498 2347 1596 2400 fuit
1645 2347 1912 2418 rudisque,

145 2454 177 2488 a
229 2437 394 2490 Musis
444 2422 840 2508 nonnumquam
901 2437 1158 2506 desertus,
1219 2437 1493 2505 regionum
1554 2444 1606 2490 et
1662 2444 1915 2491 terrarum

145 2526 275 2579 situs
351 2527 584 2596 ignarus,
663 2534 957 2599 temporum
1049 2527 1269 2580 rationis
1357 2526 1639 2580 habendae
1727 2543 1914 2596 parum

145 2614 442 2683 studiosus3
470 2615 567 2668 sed
607 2615 947 2670 nihilominus
986 2616 1078 2669 ille
1117 2616 1361 2670 notiones
1402 2617 1695 2685 verborum,
1727 2617 1916 2687 quibus

147 2704 233 2757 dei
275 2704 600 2758 domicilium
642 2704 958 2773 designavit,
1000 2722 1106 2758 non
1145 2705 1326 2776 inepte
1365 2722 1465 2759 nec
1505 2705 1742 2777 inlepide
1781 2706 1917 2758 inter

148 2810 206 2846 se
273 2793 512 2847 distinxit
577 2800 628 2847 et
692 2794 761 2846 ad
825 2810 926 2861 reS,
993 2811 1125 2864 quas
1191 2811 1402 2865 quoque
1468 2795 1589 2847 loco
1656 2794 1913 2865 depinxit,

149 2881 534 2936 accomodavit.
614 2882 684 2935 Ut
735 2883 873 2935 enim
928 2883 1216 2954 nympham
1271 2883 1324 2935 in
1378 2888 1526 2936 antro
1576 2882 1816 2935 habitare
1867 2888 1917 2934 et

151 2987 268 3023 cum
309 2972 446 3025 Jove
485 2973 699 3043 nuptias
741 2971 922 3025 facere
964 2971 1119 3024 decet
1158 2989 1225 3025 v.-
1251 2974 1306 3024 6:

370 3067 550 3133 ἄντρον
590 3066 692 3116 ἔσω
733 3065 944 3135 ναίουσα
983 3064 1272 3129 παλίσκιον,
1313 3066 1443 3118 ἔνθα
1483 3064 1715 3134 Κρονίων

372 3153 540 3222 νύμφῃ
582 3152 895 3222 ἐϋπλοκάμῳ
937 3152 1239 3222 μισγέσκετο
1282 3155 1459 3214 νυκτὸς
1500 3153 1732 3222 ἀμολγῷ,

151 3238 225 3289 ita
265 3254 443 3290 eorum
483 3238 648 3292 filium
689 3239 740 3290 in
771 3255 1034 3291 cavernae
1057 3242 1262 3306 opacae
1291 3238 1508 3290 latebris
1535 3239 1686 3291 nasci
1715 3244 1920 3310 oportet

153 3344 200 3378 v.
222 3328 351 3380 12:29:
376 3330 559 3400 πέτρης
601 3333 669 3393 εἰς
709 3334 990 3400 κευθμῶνα
1033 3331 1334 3400 βαθύσκιον,
1376 3333 1506 3383 ἔνθα
1545 3349 1597 3382 τε
1640 3332 1806 3400 νύμφη

378 3420 627 3490 ἀμβροσίη
670 3422 915 3490 ἐλόχευσε
957 3419 1072 3481 Διὸς
1114 3421 1273 3472 παῖδα
1313 3420 1620 3488 Κρονίωνος.
