2274 4036
1141 293 1465 348 -34-.„

606 482 896 536 Videamus
938 483 1160 552 primum
1204 484 1271 537 de
1311 491 1567 553 tempore.
1643 486 1955 540 Mercurium
1995 488 2202 542 circiter

429 570 703 624 meridiem
760 589 792 624 a
847 577 1024 625 monte
1081 573 1307 641 Cyllene
1363 573 1657 642 profectum
1712 575 1840 628 solis
1901 593 2094 629 occasu
2148 578 2202 629 in

427 661 657 713 Pieriam
715 661 1028 729 pervenisse
1088 662 1318 715 Roberto
1373 662 1496 716 ideo
1556 669 1857 732 suspectum
1919 671 2014 734 est,
2063 667 2202 734 quod

427 750 645 817 longam
688 749 827 802 viam
869 755 978 802 tam
1018 750 1165 803 brevi
1206 756 1446 820 tempore
1488 751 1619 804 deus
1662 753 1998 822 confecisset,
2041 771 2202 822 quare

428 843 595 892 totum
639 838 778 892 diem
820 839 967 892 illum
1010 841 1302 910 sumpsisse
1343 841 1454 893 veri
1482 842 1561 893 vir
1588 841 1776 895 doctus
1803 848 1954 911 putat
1981 843 2204 896 similius

427 945 479 997 p.
522 928 658 981 402:
705 928 823 999 „Da
875 927 961 982 die
1002 928 1296 997 Erfindung
1350 930 1444 982 der
1502 929 1655 982 Leier
1711 931 1968 1000 wegriillt,
2021 931 2202 985 wiirde

427 1018 652 1070 Hermes
707 1017 798 1071 fiir
855 1017 960 1070 den
1000 1018 1139 1086 Weg
1197 1036 1299 1072 von
1363 1018 1456 1071 der
1509 1019 1742 1088 Kyllene
1796 1019 1932 1072 nach
1992 1021 2201 1074 Pierien

428 1106 581 1159 einen
636 1123 845 1174 ganzen
886 1107 1005 1174 Tag
1056 1107 1348 1175 gebraucht
1402 1107 1596 1177 haben,
1639 1114 2055 1179 vorausgesetzt,
2097 1109 2202 1162 dass

429 1213 484 1248 er
542 1196 679 1249 auch
737 1196 876 1249 nach
937 1195 1030 1250 der
1068 1197 1412 1266 Vorstellung
1470 1197 1566 1250 des
1626 1198 1769 1251 alten
1820 1199 2061 1268 Hymnos
2118 1216 2200 1251 am

428 1283 615 1338 friihen
657 1285 875 1353 Morgen
929 1284 1326 1353 ausgebrochen
1386 1287 1468 1355 ist,
1524 1303 1637 1340 was
1691 1286 1897 1340 freilich
1949 1287 2203 1356 nirgends

428 1379 619 1442 gesagt
659 1374 844 1430 wird.“
928 1374 1137 1428 Occasu
1179 1380 1354 1428 autem
1397 1376 1525 1429 solis
1566 1377 1692 1444 quin
1733 1376 1866 1430 deus
1917 1377 2085 1430 boves
2138 1395 2201 1430 ex

428 1463 604 1516 Pieria
656 1464 911 1532 abegerit,
954 1463 1044 1517 ille
1096 1481 1203 1516 non
1244 1464 1475 1534 dubitat3
1518 1482 1704 1518 versus
1745 1466 1831 1529 68,
1874 1467 1960 1534 69,
2007 1465 2106 1519 197
2150 1467 2202 1520 in

426 1553 657 1622 priscum
687 1570 899 1607 carmen
927 1554 1143 1622 recepit,
1205 1553 1432 1617 Quando
1461 1555 1716 1623 parvulus
1745 1572 1962 1624 gregem
1991 1562 2205 1624 praeter

428 1641 752 1696 Onchestum
794 1643 1018 1712 duxerit,
1059 1649 1221 1713 poeta
1261 1643 1473 1712 quidem
1515 1662 1620 1697 non
1674 1643 1817 1713 dicit,
1858 1651 2036 1699 tamen
2080 1651 2203 1698 ante

429 1732 660 1785 mediam
703 1739 928 1804 *noctem
990 1732 1091 1786 hoc
1150 1733 1239 1785 vix
1298 1734 1409 1786 fieri
1471 1734 1655 1803 potuit,
1699 1734 1813 1787 sive
1853 1739 2019 1787 totum
2062 1734 2200 1788 diem

429 1828 593 1876 totum
661 1823 889 1891 spatium
957 1822 1025 1875 ad
1095 1823 1454 1876 emetiendum
1509 1823 1586 1876 illi
1651 1823 2012 1894 concedimuS,
2080 1825 2196 1878 sive

429 1911 703 1965 dimidiam
744 1919 966 1982 partem.
1048 1912 1392 1966 Onchestium
1432 1914 1591 1982 igitur
1636 1930 1820 1971 senem
1871 1914 2037 1969 multo
2084 1920 2204 1984 post

431 2002 561 2055 solis
602 2018 868 2070 occasum,
909 2002 1089 2055 media
1129 2002 1240 2055 fere
1281 2007 1454 2071 nocte,
1483 2003 1620 2056 vites
1661 2003 1922 2056 colentem
1964 2003 2200 2057 offendit.

428 2091 526 2144 Ille
568 2092 684 2160 ipse
727 2097 901 2144 autem
943 2091 1009 2144 ab
1039 2091 1292 2160 Apolline
1319 2092 1688 2160 interrogatus,
1718 2098 2058 2161 pastoremne
2087 2109 2202 2146 cum

425 2181 583 2233 boum
626 2198 788 2249 grege
828 2185 1252 2250 praetereuntem
1296 2180 1533 2247 vidisset,
1573 2181 1864 2250 respondet
1901 2199 1950 2235 v.
1993 2183 2127 2235 206:

536 2276 695 2342 αὐτὰρ
736 2273 839 2342 ἐγὼ
880 2274 1082 2343 πρόπαν
1122 2270 1257 2343 ἦμαρ
1299 2273 1349 2335 ἐς
1389 2274 1562 2343 ἠέλιον
1602 2274 1892 2327 καταδύντα

536 2364 794 2415 ἔσκαπτον
835 2365 948 2431 περὶ
989 2364 1174 2432 γουνὸν
1216 2363 1388 2433 ἀλωῆς
1429 2363 1734 2416 οἰνοπέδοιο·

535 2453 696 2505 παῖδα
736 2447 782 2504 δ’
821 2451 975 2516 ἔδοξα
1015 2452 1236 2520 φέριστε,
1280 2454 1438 2521 σαφὲς
1479 2448 1525 2504 δ’
1565 2455 1660 2505 οὐκ
1699 2450 1830 2519 οἴδα,
1873 2461 2071 2521 νοῆσαι,
2135 2484 2137 2486 -

537 2544 590 2604 ὅς
631 2560 702 2603 τις
744 2542 770 2593 ὁ
812 2549 929 2603 παῖς
969 2541 1291 2611 ἅμα-βουσὶν
1333 2542 1658 2612 ἐϋκραίρῃσιν
1699 2542 1897 2611 ὀπήδει.

425 2629 521 2681 His
587 2627 765 2681 verbis
843 2627 888 2680 si
954 2626 1235 2697 credimUS,
1303 2628 1590 2681 Mercurius
1657 2635 1747 2681 aut
1811 2645 2007 2682 occasu
2073 2630 2202 2682 solis

425 2717 750 2771 Onchestum
806 2717 1049 2787 pervenit
1101 2723 1192 2770 aut
1232 2724 1405 2786 antea,
1449 2724 1503 2771 at
1554 2724 1695 2771 certe
1744 2734 1851 2771 non
1903 2720 2201 2789 postea.⁶⁹)

425 2807 506 2861 Ne
551 2808 812 2860 Robertus
873 2807 1084 2875 quidem
1142 2824 1341 2876 negare
1396 2813 1575 2877 potest
1614 2808 1714 2860 hoc
1754 2808 1927 2876 ipsum
1967 2803 2199 2876 priscum

422 2901 638 2965 poetam
690 2914 936 2966 pecasse,
979 2914 1085 2950 non
1136 2897 1589 2966 interpolatorem,
1633 2913 1788 2965 quem
1848 2902 1954 2950 tam
2010 2892 2201 2950 acerbe

373 3035 377 3039 .
423 2986 689 3055 vituperat
753 3004 803 3055 p.
862 2987 997 3039 423:
1102 2986 1311 3058 „Durch
1385 2986 1470 3039 die
1546 2986 1882 3055 Einfiihrung
1955 2986 2051 3040 des
2118 2985 2204 3040 die

424 3150 653 3208 quissima
676 3150 836 3208 hymni
861 3150 1101 3194 Homerici
1126 3150 1171 3193 in
1194 3149 1500 3194 Mercuri1nn“
1527 3150 1573 3192 in
1596 3150 1928 3207 Mnemosyncs
1962 3149 2199 3193 volumine

422 3226 494 3281 35,
539 3227 652 3271 1907
696 3239 742 3282 p.
778 3226 861 3271 181
895 3239 996 3282 sqq.
1075 3225 1315 3269 Robertus
1349 3225 1452 3282 ipse
1503 3238 1725 3268 versuum
1772 3238 1990 3268 numeros
2040 3223 2202 3268 attulit

426 3299 456 3342 l.
491 3313 527 3345 s.
561 3315 598 3345 s.
631 3314 675 3356 p.
708 3300 809 3346 415.

600 3374 655 3429 69)
691 3374 940 3426 Quomodo
974 3373 1125 3418 nodus
1159 3374 1421 3418 solvendus
1454 3373 1532 3429 sit,
1566 3372 1746 3428 nescio,
1778 3386 1884 3416 nam
1918 3371 2074 3416 onmia
2107 3385 2198 3415 uno

424 3448 500 3492 die
536 3451 584 3492 et
614 3461 706 3492 una
738 3451 881 3493 nocte
915 3447 1045 3493 facta
1070 3462 1176 3493 esse
1199 3452 1346 3505 poeta
1369 3447 1483 3506 quin
1506 3447 1731 3502 voluerit,
1756 3445 1948 3491 dubium
1973 3459 2078 3490 esse
2104 3458 2199 3490 non
