2274 4036
981 327 1276 382 ..95-

234 506 362 559 Mor.
404 523 456 574 p.
495 505 604 558 405
645 506 713 558 B:
755 509 927 578 ὥσπερ
968 507 1056 560 οὖν
1097 509 1153 558 τὸ
1194 516 1366 559 κινοῦν
1406 510 1462 559 τὸ
1502 507 1659 570 πεζὸν
1699 510 1758 560 οὐ
1798 508 2006 560 δύναται

233 606 439 666 κινῆσαι
481 606 757 666 πτητικῶς,
807 598 926 649 οὐδὲ
965 605 1124 664 τορῶς
1166 599 1222 648 τ“ο
1261 596 1480 663 τραυλὸν
1521 593 1627 647 οὐδ’
1669 596 1910 664 εὐφώνως
1949 599 2006 648 τὸ

234 686 554 755 ἰσχνόφωνον
587 724 856 736 .......
915 698 1028 748 sqq.
1127 681 1242 733 Hoc
1294 681 1412 733 loeo
1463 693 1624 752 τορῶς
1682 681 1748 734 de
1803 681 2007 748 liquida

234 770 466 838 quadam
530 787 662 823 voee
729 769 926 830 dietum
1002 774 1054 821 et
1126 768 1388 820 vocabulo
1462 771 1696 839 τραυλὸν,
1763 768 2006 820 blaesum

232 859 536 927 oppositum
591 859 734 911 idem
802 859 913 911 fere
970 857 1234 925 signifi-eat
1290 862 1448 923 atque
1508 869 1703 928 σαφῶς,
1763 860 2002 930 ἀκριβῶς.

231 947 363 1002 Ran.
399 948 539 1001 1102
581 954 863 1017 postquam
905 946 1189 1015 Euripides
1230 946 1296 998 ab
1340 946 1604 1015 Aeschylo
1649 964 1705 999 se
1748 947 2002 1016 defendit7

232 1034 300 1088 de
354 1036 447 1089 illo
489 1036 680 1089 ehorus
721 1036 870 1089 dicit:
925 1041 1045 1091 ὅταν
1077 1077 1644 1088 ..............
1687 1039 1714 1090 ὁ
1743 1036 1786 1090 δ’
1822 1040 2006 1091 ἐπανα-

233 1113 465 1197 στρέφειν
505 1129 713 1198 δύνηται
752 1128 1153 1197 κάπερείδεσθαι
1193 1135 1370 1196 τορῶς,
1421 1141 1556 1191 quae
1598 1125 1861 1178 sententia
1899 1143 2006 1178 non

233 1213 303 1266 ad
352 1214 588 1281 verbum,
648 1213 746 1267 sed
797 1214 867 1266 ad
925 1230 1139 1267 sensum
1191 1214 1267 1266 sie
1323 1214 1433 1266 fere
1491 1215 1750 1282 explicari
1798 1220 2003 1282 potest:

231 1318 349 1355 oum
390 1303 603 1372 fugiens
642 1303 711 1355 ad
750 1303 957 1356 hostem
999 1319 1057 1356 se
1099 1308 1408 1356 convertere
1448 1309 1650 1372 posset,
1692 1304 1768 1356 ita
1808 1304 2004 1373 enisus,

234 1396 288 1443 ut
327 1407 424 1460 per
461 1408 574 1444 rem
615 1391 897 1444 adversam
939 1397 1258 1460 penetraret.
1633 1441 1645 1446 -

407 1480 734 1533 Adverbium
776 1484 1022 1552 διατὸρως
1079 1481 1307 1533 virorum
1369 1480 1643 1534 doctorum
1704 1482 2007 1534 coniectura

230 1569 525 1622 restitutum
575 1575 657 1622 est
708 1569 853 1638 apud
891 1569 1221 1638 Hesyehium
1262 1586 1302 1622 s,
1344 1588 1394 1622 v.
1436 1573 1721 1642 διάκτορος·
1765 1574 2003 1642 ἄγγελος,

229 1643 333 1712 ἀπδ
359 1669 450 1713 τοῦ
489 1662 684 1731 διάγειν
711 1664 799 1724 τὰς
839 1662 1102 1731 ἀγγελίας·
1132 1662 1165 1730 ἢ
1193 1659 1299 1715 οἷον
1340 1660 1659 1731 δια[κ]τὸρως
1699 1664 1786 1714 καὶ
1827 1671 2004 1731 σαφῶς

229 1749 612 1819 διαλεγόμενος.

405 1835 620 1890 Nullum
679 1837 858 1889 inveni
909 1837 1100 1906 locum,
1163 1837 1251 1903 qui
1305 1826 1579 1889 Schenklii
1647 1838 2003 1890 coniecturam

230 1925 541 1978 confirmare
581 1932 784 1994 posset.
983 1914 985 1916 ’

404 2297 472 2348 11.
514 2296 783 2349 Addenda
823 2298 917 2350 ad:

822 2448 871 2512 a)
915 2445 1036 2498 adn.
1082 2447 1183 2498 107
1226 2465 1277 2515 p.
1323 2448 1408 2499 63.

404 2562 737 2630 Theognidis
776 2580 964 2616 versus
1009 2564 1325 2632 10231‘1024
1366 2566 1442 2618 sio
1483 2572 1602 2619 sunt
1640 2566 1846 2619 traditi:

449 2657 637 2707 οὔποτε
677 2663 779 2717 τοῖς
821 2655 1089 2724 ἐχθροῖσιν
1131 2658 1229 2709 ὐπὸ
1271 2659 1425 2727 ζυγὸν
1465 2658 1662 2727 αὐχένα
1702 2658 1853 2727 θήσω

552 2743 829 2812 δύσλοφον,
872 2741 980 2795 οὐδ’
1021 2747 1065 2796 εἴ
1105 2763 1189 2814 μοι
1232 2744 1451 2815 Τμῶλος
1491 2748 1664 2799 ἔπεστι
1705 2749 1869 2816 κάρῃ;

224 2828 524 2896 Numquam
595 2829 922 2882 inimieorum
993 2831 1089 2883 sub
1156 2831 1279 2899 iugo
1344 2849 1541 2900 ponam
1607 2833 1865 2886 cervicem
1931 2867 2001 2873 -

224 2921 501 2989 δύσλοφον,
556 2917 611 2969 id
653 2924 765 2970 est:
818 2936 940 2971 nam
999 2920 1179 2972 cervix
1234 2937 1354 2972 mea
1408 2921 1588 2988 iugum
1639 2938 1744 2974 non
1793 2923 2000 2991 accipit,

226 3006 434 3059 etiamsi
473 3007 626 3060 mens
669 3007 890 3060 Tmolus
932 3008 1093 3076 capiti
1133 3026 1251 3061 meo
1292 3010 1359 3062 sit
1396 3010 1694 3078 impositus7
1737 3027 1854 3063 eam
1895 3029 2002 3064 non

221 3095 450 3150 flectam.
528 3096 735 3150 Ahrens
795 3102 847 3149 et
897 3097 1087 3150 Sitzler
1145 3101 1402 3168 δύσλοφον
1463 3098 1530 3150 ad
1589 3103 1743 3171 ζυγὸν
1801 3099 2001 3154 referre

222 3184 484 3253 videntur,
527 3185 793 3253 corrigunt
834 3186 973 3238 enim
1028 3185 1097 3237 ad
1154 3186 1335 3238 horum
1394 3202 1636 3239 versuum
1697 3189 1996 3256 exemplum

220 3273 462 3326 versibus
503 3273 844 3339 1357s1358:

253 3355 255 3357 ¹
447 3365 545 3417 αἰεὶ
586 3366 951 3434 παιδοφίλῃσιν
993 3366 1075 3431 ἐπὶ
1117 3366 1273 3436 ζυγὸν
1313 3367 1491 3437 αὐχένι
1536 3376 1695 3420 κεῖται

548 3454 818 3523 δύσμορον,
861 3455 1116 3524 ἀργαλέον
1157 3465 1331 3525 μνῆμα
1371 3456 1659 3527 φιλοξενίης
