2274 4036
1175 281 1468 338 -50—

615 459 764 512 Haec
803 459 880 511 ita
918 459 1285 527 intellegenda
1325 464 1461 527 sunt,
1503 463 1560 511 ut
1607 459 1841 527 priorum
1892 461 2209 529 ungularum

435 549 642 618 priores
683 566 809 602 orae
849 549 1149 618 introrsum,
1165 550 1230 616 88)
1272 549 1625 618 posteriorum
1668 555 1821 602 extra
1846 550 2210 619 flecterentur3

436 639 536 691 hoc
596 638 735 691 enim
790 637 950 690 modo
1004 638 1136 691 deus
1186 644 1275 703 τὰς
1330 642 1560 710 πρόσθεν
1613 641 1776 704 ὁπλὰς
1831 644 2065 709 ὄπισθεν,
2119 645 2210 706 τὰς

437 726 482 782 δ’
505 731 688 782 ὄπιθεν
715 729 946 798 πρόσθεν
975 726 1236 794 faciebat3
1264 744 1387 779 nam
1417 742 1636 793 quarum
1664 727 1979 794 ungularum
2006 728 2213 796 priores

438 833 564 868 orae
614 815 812 868 bifidae
873 820 1025 867 extra
1082 831 1272 868 versae
1329 820 1465 883 sunt,
1526 815 1626 867 hae
1684 815 1890 884 priores
1949 817 2213 886 appellari

439 905 628 958 solent.
708 904 825 956 Hoc
866 909 1043 957 autem
1073 904 1199 956 dolo
1227 920 1356 956 usus
1396 903 1687 956 Mercurius
1715 904 1908 973 effecit,
1937 910 1995 958 ut
2020 910 2214 974 postea

436 994 661 1047 intuenti
700 994 932 1062 vestigia
959 994 1029 1046 ad
1055 994 1286 1046 Pieriam
1316 1010 1576 1046 conversa
1604 1010 1725 1046 esse
1752 993 2075 1063 viderentur,
2105 1012 2212 1048 non

439 1100 594 1137 secus
635 1101 698 1136 ac
740 1083 785 1136 si
826 1100 1027 1152 omnes,
1071 1088 1123 1135 et
1165 1083 1298 1135 deus
1339 1088 1392 1135 et
1429 1082 1616 1151 boveS,
1658 1088 1826 1135 totam
1866 1083 2009 1136 viam
2048 1089 2211 1137 retro-

437 1173 591 1242 gradi
631 1172 1004 1226 confecissent.
1072 1171 1277 1224 Phoebi
1316 1171 1477 1239 igitur
1514 1171 1681 1225 verba
1719 1171 1960 1226 mirantis
1999 1191 2048 1226 v.
2079 1172 2210 1226 220:

695 1267 836 1335 ἴχνια
878 1266 968 1334 μὲν
1007 1264 1130 1316 τάδε
1169 1260 1217 1332 γ’
1259 1264 1364 1316 ἐστὶ
1406 1263 1539 1333 βοῶν
1580 1264 1992 1333 ὀρθοκραιράων,

696 1354 833 1406 ἀλλὰ
872 1354 1028 1406 πάλιν
1067 1353 1340 1422 τέτραπται
1381 1353 1432 1414 ἐς
1473 1353 1763 1422 ἀσφοδελὸν
1805 1353 2048 1423 λειμῶνα·

436 1441 485 1495 ¹v.
517 1442 651 1494 345:
695 1444 841 1496 ἀντία
882 1439 1065 1514 βήματ’
1105 1444 1301 1513 ἔχουσα
1341 1443 1480 1504 κόνις
1521 1442 1763 1511 ἀνέφαινε
1805 1442 2038 1512 μέλαινα·

436 1531 652 1584 minime
712 1536 897 1583 contra
947 1530 1086 1582 hunc
1144 1530 1320 1582 locum
1375 1534 1632 1598 pugnant,
1673 1534 1731 1581 ut
1769 1529 2033 1582 Robertus
2083 1529 2213 1597 vult,

437 1637 613 1687 neque
655 1625 840 1673 contra
895 1636 1014 1671 eum
1071 1619 1199 1671 facit
1238 1635 1426 1671 versus
1466 1619 1597 1671 211:
1640 1620 1862 1685 ἐξοπίσω
1903 1616 1948 1673 δ’
1987 1620 2212 1690 ἀνέεργε.

439 1710 559 1762 Vox
620 1709 759 1762 enim
801 1712 1042 1778 ἐξοπίσω,
1097 1724 1255 1775 quam
1290 1708 1387 1760 ille
1430 1724 1591 1775 aegre
1632 1707 1750 1775 fert,
1791 1724 1898 1760 non
1939 1706 2009 1760 ad
2046 1707 2216 1760 boves

436 1798 683 1868 pertinet,
727 1797 824 1851 sed
883 1797 953 1850 ad
991 1797 1324 1865 Mercurium,
1382 1796 1532 1848 cuius
1590 1796 1832 1849 incessus
1891 1801 1944 1848 et
2000 1795 2213 1848 habitus

439 1874 621 1941 senem
651 1886 994 1940 Onchestium
1021 1891 1172 1939 tanta
1200 1886 1551 1938 admiratione
1580 1885 1885 1954 affecerant,
1907 1890 1965 1938 ut
1991 1901 2214 1954 puerum

434 2034 634 2077 magnae
669 2024 778 2064 sunt
809 2020 1128 2076 publicaeque
1163 2019 1289 2074 viae,
1325 2019 1497 2075 quibus
1533 2022 1580 2062 et
1615 2018 1853 2062 exercitus
1886 2018 2040 2062 utitur
2073 2022 2122 2062 et
2143 2017 2215 2061 illi

436 2095 668 2152 viatores,
703 2095 781 2152 qui
827 2095 1001 2141 nullius
1049 2095 1217 2151 culpae
1252 2094 1345 2138 sibi
1380 2094 1562 2138 conscii
1595 2094 1700 2138 luce
1735 2094 1864 2138 clara
1895 2093 1989 2138 iter
2021 2092 2214 2137 faciunt.

613 2169 780 2213 Priore
827 2169 1039 2213 editione
1074 2168 1152 2222 (cf.
1187 2168 1329 2212 Allen
1375 2172 1423 2211 et
1456 2166 1597 2212 Sikes
1642 2167 1703 2210 ad
1734 2181 1781 2212 v.
1813 2168 1888 2223 83)
1923 2167 2000 2210 vir
2042 2167 2215 2211 doctus

438 2243 612 2289 Suidae
646 2244 861 2300 glossam
895 2243 1100 2288 contulit
1133 2243 1195 2286 ad.
1226 2243 1349 2287 hunc
1382 2253 1600 2286 versum:

704 2321 925 2371 ἀβλαβέως
957 2321 1036 2360 ὑπὸ
1070 2322 1219 2360 ποσσὶν
1252 2320 1439 2372 ἐδήσατο
1474 2319 1670 2359 σάνδαλα
1700 2321 1860 2370 κοῦφα,

438 2392 657 2437 adverbii
706 2396 927 2446 ἀβλαβέως
970 2407 1103 2436 usum
1152 2393 1213 2436 ad
1260 2391 1609 2447 illustrandum,
1659 2390 1787 2448 quod
1833 2390 1960 2435 haud
2007 2390 2109 2435 scio
2158 2403 2217 2434 an

436 2466 802 2523 praeferendum
850 2467 929 2510 sit.
992 2467 1109 2511 Nam
1157 2469 1348 2521 ἀβλαβής
1396 2465 1523 2522 apud
1555 2465 1864 2510 Theocritum
1913 2463 2156 2521 significat
2189 2477 2216 2508 a

437 2541 608 2586 damno
643 2545 692 2585 et
725 2541 1012 2586 detrimento
1048 2540 1309 2585 defendens
1342 2541 1496 2586 XXIV
1529 2542 1588 2586 94
1621 2541 1742 2595 (96):

706 2649 938 2661 ......
970 2618 1158 2670 καθαρῷ
1191 2618 1239 2658 δὲ
1270 2617 1496 2669 πυρώσατε
1527 2618 1650 2670 δῶμα
1681 2616 1812 2668 θεείῳ

705 2696 883 2744 πρᾶτον,
918 2693 1067 2732 ἔπειτα
1099 2692 1138 2732 δ’
1171 2692 1323 2733 ἅλεσσι
1357 2692 1656 2744 μεμειγμένον,
1689 2691 1748 2740 ὡς
1779 2691 2038 2743 νενόμισται,

703 2768 859 2821 θαλλῷ
892 2769 1149 2820 ἐπιρραίνειν
1183 2767 1425 2819 ἐστεμμένῳ
1459 2766 1642 2817 ἀβλαβὲς
1673 2766 1800 2817 ὕδωρ·
1874 2765 1876 2767 ’

437 2841 619 2886 Poetae
653 2840 802 2897 igitur
835 2840 987 2885 verba
1009 2840 1131 2884 hunc
1165 2853 1353 2883 sensum
1387 2838 1563 2883 habere
1600 2848 1802 2882 censeo:
1851 2837 2045 2882 calceos
2080 2837 2217 2880 leves

438 2915 500 2961 ad
530 2914 679 2971 pedes
715 2915 953 2971 alligavit,
986 2918 1039 2958 ut
1071 2928 1098 2958 a
1132 2913 1420 2958 detrimento
1455 2913 1568 2956 illos
1602 2911 1898 2956 defenderet.

613 2988 670 3045 88)
702 2989 1042 3034 Muenscherus
1076 2987 1202 3032 falso
1238 2988 1456 3032 Roberto
1505 2987 1761 3031 oblocutus
1796 2989 1871 3030 est
1901 2999 1946 3042 p.
1981 2986 2093 3030 179:
2126 2989 2215 3040 „sig

437 3068 623 3107 τούπίσω
670 3063 750 3108 bei
783 3063 1059 3120 Sophokles
1107 3062 1233 3107 kann
1280 3077 1374 3106 nun
1421 3062 1516 3106 und
1562 3061 1759 3106 nimmer
1805 3059 2046 3104 bedeuten
2092 3059 2216 3104 nach

438 3140 620 3183 innen.“
684 3139 801 3182 Nam
849 3151 1130 3195 quamquam
1186 3151 1272 3194 per
1316 3150 1369 3181 se
1419 3141 1479 3187 εἰς
1526 3138 1711 3179 τούπίσω
1761 3139 1890 3179 certe
1949 3148 2044 3179 non
2091 3133 2216 3178 intro

437 3212 692 3269 significat,
726 3216 885 3256 tamen
918 3212 959 3255 si
990 3212 1177 3268 priores
1212 3210 1353 3255 boum
1385 3210 1548 3267 pedes,
1582 3214 1635 3254 ut
1665 3209 1906 3254 Robertus
1930 3208 2215 3265 suspicatur,

438 3292 568 3331 retro
602 3285 871 3343 flectuntur,
904 3287 1185 3343 ungularum
1217 3285 1405 3342 priores
1453 3298 1566 3329 orae
1609 3283 1710 3327 sine
1753 3282 1900 3327 dubio
1935 3282 2060 3327 intro
2110 3295 2218 3326 con-

437 3364 702 3406 vertuntur.
786 3360 910 3405 Aliis
960 3360 1017 3404 de
1068 3360 1224 3405 causis
1270 3373 1297 3403 a
1339 3358 1447 3403 viro
1495 3358 1580 3402 illo
1634 3356 1916 3402 doctissimo
1965 3355 2217 3400 dissentio.

385 3490 389 3495 ,
436 3434 659 3491 Vestigia
692 3434 831 3480 vides
866 3434 1107 3480 delineata
1139 3432 1218 3490 fig.
1252 3433 1273 3476 I
1307 3436 1355 3477 et
1384 3432 1445 3477 II.
