2274 4036
1057 298 1448 366 '-76-

634 493 828 565 [γυίοι]ς
869 495 1050 564 ἐρείδει
1089 496 1269 557 παιδὸς
1311 496 1381 556 εἰς
1422 494 1547 565 ἥβης
1587 495 1776 564 ἀκμήν,

630 583 984 654 κάξορμενίζει
1023 584 1230 638 κούκέτι
1272 583 1585 654 σχολάζεται

629 672 828 743 βλάστη
854 689 864 701 ·
889 673 1084 726 τοιόνδε
1124 674 1285 726 παῖδα
1324 674 1588 743 θησαυρὸς
1630 672 1815 743 στέγει.

586 774 731 826 Intra
769 790 867 827 sex
905 774 1063 842 igitur
1102 773 1220 828 dies
1252 774 1496 828 Mercurii
1534 774 1917 829 incrementum
1955 774 2032 826 ita
2070 790 2186 842 pro-

407 879 646 931 gressum
701 868 782 916 cst
818 868 876 916 ut
928 863 1199 917 hominum
1250 863 1529 917 infantium
1582 862 1782 932 duplici
1827 863 1919 916 vix
1967 879 2185 916 numero

408 969 691 1020 annorumt,
717 1013 721 1017 ,
743 968 920 1020 neque
959 953 1215 1023 Cyllenes
1262 953 1621 1006 narrationem
1664 951 1733 1004 ad
1772 952 1992 1006 verbum
2032 952 2186 1005 inter-

406 1048 644 1111 pretatus
671 1042 752 1095 vir
791 1041 981 1095 doctus
1018 1042 1329 1111 explicabit,
1373 1041 1672 1110 quiinfans
1698 1058 1911 1109 semper
1940 1042 1993 1094 in
2036 1042 2186 1094 cunis

404 1133 588 1185 iacens
630 1137 683 1184 et
720 1132 889 1186 boves
927 1148 1118 1201 rapere
1160 1137 1212 1185 et
1250 1132 1421 1201 lyram
1462 1131 1641 1184 facere
1689 1131 1932 1200 potuerit.
2009 1131 2184 1184 Jmmo

406 1238 532 1275 vero
574 1220 898 1290 Sophoclem
939 1227 992 1274 et
1030 1221 1253 1274 infantis
1293 1227 1345 1274 et
1388 1220 1778 1274 adulescentuli
1817 1225 1997 1290 partes
2035 1219 2185 1273 illum

406 1317 654 1379 agentem
706 1310 985 1364 induxisse
1024 1309 1111 1363 hic
1149 1311 1268 1379 ipse
1319 1310 1469 1364 locus
1510 1309 1681 1364 docet.
1760 1309 1971 1362 Fabula
2008 1314 2185 1364 autem

404 1402 619 1455 ineunte
658 1406 716 1453 ut
765 1416 861 1452 eas
915 1399 1176 1468 imprimis
1229 1416 1328 1452 res>
1369 1404 1533 1468 poeta
1582 1397 1876 1468 proposuit,
1937 1413 2091 1465 quae·
2115 1397 2206 1450 ad

404 1490 665 1543 infantem
705 1493 971 1558 spectant,
1019 1520 1092 1527 ——
1142 1488 1582 1542 infantem-enim
1623 1489 1757 1541 mira
1795 1487 1890 1540 illa
1928 1478 2184 1555 facinora,

407 1580 597 1648 quibus
625 1579 844 1633 fabulae
871 1583 1242 1647 argumentum
1271 1579 1583 1647 continetur,
1613 1577 1911 1647 perfecisse
1937 1575 2185 1630 traditum

405 1669 629 1739 erat125)
685 1705 757 1711 -—
806 1668 882 1720 ita
922 1668 1021 1721 sub
1063 1668 1223 1737 exitu,
1267 1684 1384 1720 cum
1425 1673 1636 1736 tempus
1674 1667 1779 1719 iam
1823 1672 1966 1720 esset
2004 1665 2184 1718 adule-

403 1759 645 1811 scentulo
673 1758 726 1811 in
767 1762 1124 1827 spectatorum
1165 1762 1511 1827 conspectum
1552 1755 1868 1826 prodeundi,
1909 1772 2004 1810 eas
2035 1772 2183 1825 prae-

404 1847 582 1900 dicare
623 1847 918 1917 oportebat,
962 1863 1101 1914 quae
1131 1846 1201 1899 ad
1242 1845 1704 1900 adulescentulum
1745 1846 2024 1915 pertinenti
2067 1845 2201 1909 Qua·

404 1937 471 1990 de
513 1953 678 1990 causa
715 1943 933 2006 poetam
975 1937 1222 1990 carminis
1247 1937 1389 2006 epici
1429 1953 1597 1990 cunas
1624 1952 1742 1989 cum
1782 1935 1991 1989 infante
2027 1934 2184 2002 quasi

403 2032 707 2080 crescentes
747 2026 960 2097 fecisse,
1005 2026 1142 2080 adeo
1181 2032 1239 2079 ut
1276 2026 1329 2079 in
1369 2026 1565 2080 lectum
1605 2043 1665 2080 se
1705 2029 2073 2080 converterent
2113 2023 2182 2077 ad

401 2116 608 2170 iuvenis
637 2133 943 2172 mensuram
968 2121 1153 2186 aptum
1182 2134 1214 2168 a
1253 2116 1632 2186 probabi-litate
1667 2114 2181 2183 minime-abhorret,

402 2206 715 2275 praesertim
758 2222 876 2259 cnm
926 2222 1088 2259 unum
1130 2222 1197 2259 ex
1251 2205 1504 2274 legitimis
1559 2205 1903 2259 histrionibus
1940 2204 2183 2257 Mercurii

401 2301 581 2365 partes
647 2296 955 2365 suscepisse
1022 2312 1117 2365 pro
1180 2300 1326 2348 certo
1391 2294 1659 2348 affirma-re
1723 2294 1884 2347 liceat
1900 2294 2007 2360 126).
2125 2293 2182 2346 Si

400 2386 681 2454 Allegreus
743 2391 927 2439 censet
983 2402 1035 2454 p.
1078 2385 1186 2438 260
1245 2383 1369 2437 adn.
1416 2385 1474 2437 1:
1538 2383 1724 2455 „Gette
1790 2382 2181 2438 confrontation

402 2475 471 2542 (d’
514 2475 740 2528 Hermes
781 2492 916 2529 avec
942 2474 1197 2544 Apollon)
1236 2475 1440 2527 n'avait
1477 2490 1577 2543 pas
1617 2474 1742 2543 lieu,
1785 2473 2009 2526 suivant·
2034 2477 2193 2526 toute·

399 2564 738 2634 probabilite,
781 2564 1000 2618 densis.
1040 2569 1211 2632 grette
1239 2563 1307 2617 de
1334 2564 1492 2633 Maia,
1535 2579 1741 2617 comme
1768 2562 1905 2616 dans
1943 2561 2181 2631 Phyrnne

399 2653 725 2723 homerique,
773 2654 897 2707 bien
928 2669 1030 2721 que
1071 2652 1475 2706 l'interieureut
1501 2669 1574 2721 pu
1614 2669 1680 2706 en
1722 2653 1832 2705 etre
1870 2649 2179 2720 uepresente

401 2744 429 2795 Ξι
470 2743 526 2795 la
563 2744 776 2811 ri‘gueur
810 2759 883 2796 vau
923 2759 1117 2812 moyen
1158 2741 1225 2795 de
1266 2742 1612 2815 Γὲκκὺκλημα
1654 2757 1721 2794 ou
1761 2746 1911 2794 autre
1950 2739 2178 2806 artifice3

400 2832 518 2885 cela
575 2833 802 2885 n'aurait
861 2848 925 2885 eu
985 2831 1051 2885 de
1121 2831 1351 2884 l'interet
1417 2848 1517 2899 que
1577 2831 1621 2884 si
1681 2831 1904 2884 Hermes
1963 2831 2052 2883 ent
2107 2844 2189 2897 pu.

399 2924 631 2990 paraitre
693 2938 886 2975 encore
953 2920 1152 2974 conche
1219 2921 1354 2974 dans
1419 2937 1530 2974 son·
1580 2920 1866 2987 be1·ceau“,
1932 2919 2008 2971 ini
2073 2934 2176 2970 non

401 3011 639 3064 concedo
705 3012 1019 3066 Mercurium
1086 3011 1486 3065 adulescentem
1551 3010 1908 3064 Athenienses
1986 3008 2179 3061 aetatis

576 3173 651 3230 125)
688 3173 746 3218 cf.
782 3174 889 3218 adn.
924 3175 979 3219 12
1011 3188 1055 3230 p.
1092 3174 1131 3217 7.

576 3246 649 3302 ¹2⁶)
686 3247 744 3292 ef.
771 3247 1038 3292 Conradum
1077 3247 1228 3305 Haym
1252 3248 1267 3290 l
1290 3262 1326 3291 s.
1351 3260 1386 3290 s.
1410 3261 1454 3303 p.
1473 3246 1560 3292 276
1582 3260 1710 3303 sqq.;
1734 3244 1952 3290 Mercurii
1995 3244 2177 3289 cithara

401 3322 629 3378 canentis,
699 3337 800 3366 cum
854 3321 1002 3365 fratre
1071 3321 1387 3366 altercatione
1456 3319 1622 3363 habita
1683 3319 1730 3363 in
1777 3319 1979 3376 gratiam
2047 3317 2177 3362 rede-

403 3396 529 3440 untis
582 3400 745 3453 partes
798 3410 918 3441 vero
971 3409 1122 3453 puero
1177 3395 1468 3453 Sophoclem
1527 3394 1815 3452 imposuisse
1864 3392 2053 3437 minime
2104 3395 2178 3436 est

399 3468 704 3514 credendum.
