2274 4036
910 234 1199 288 -15,-

176 404 404 457 libenter
442 419 499 456 se
541 402 815 466 dederant,
847 416 1055 454 suorum
1086 416 1117 450 a
1144 399 1400 466 dignitate
1443 404 1493 450 et
1532 398 1810 450 maiestate
1838 397 1942 449 iam

179 492 408 561 quodam
449 491 606 543 modo
651 491 879 542 alienam
921 489 1126 558 putavit
1144 488 1225 555 25).
1326 487 1474 550 Quac
1528 488 1570 539 si
1612 487 1958 556 1·eputaveriS‚

178 580 419 634 Mercurii
461 580 773 632 sacrific-ium
817 578 993 630 nullus
1036 577 1321 643 dubitabis,
1366 577 1487 643 quin
1533 577 1609 628 sic
1639 576 1750 628 fere
1780 576 1944 643 expli-

181 668 407 721 candum
460 668 552 720 sit:
596 669 766 719 Deum
823 683 879 718 se
934 682 1052 718 esse
1092 666 1243 718 Jovis
1297 671 1347 717 et
1387 665 1560 717 Maiae
1600 665 1739 716 filius
1781 665 1945 717 sensit

179 757 348 830 primo
397 773 500 823 quo
527 762 684 808 natus
725 761 806 808 est
847 755 958 816 die;
1000 755 1233 806 carnium
1275 755 1434 821 igitur
1474 754 1802 806 victimarum
1843 753 1944 804 ritu

181 862 333 899 sacro
390 861 666 898 caesarum
715 880 786 886 ——
826 847 967 916 ὁσίης
1019 847 1218 915 κρεάων
1257 847 1519 914 ἠράσσατο
1562 841 1757 894 diserte
1816 841 1943 894 dicit

179 940 339 1004 poeta
369 969 434 973 —
465 934 731 987 desiderio
762 949 877 986 cum
909 933 1312 998 excruciaretur,
1346 931 1559 983 deorum
1590 938 1767 983 tamen
1797 947 1943 983 more

180 1023 365 1080 nidore
407 1030 685 1077 contentus
727 1030 856 1076 erat.
912 1023 1144 1076 Summis
1174 1022 1255 1074 dis
1285 1038 1342 1074 se-
1372 1020 1949 1090 sagacitate,-ingeni0.

180 1114 385 1181 robore,
430 1112 735 1166 fortitudine
777 1129 957 1181 parem
1002 1128 1121 1164 esse
1160 1111 1346 1178 sensit,
1375 1112 1430 1163 in
1472 1109 1751 1162 duodecim
1794 1110 1948 1177 igitur

182 1209 362 1275 partes
422 1219 580 1254 carne
641 1201 815 1254 divisa
875 1201 975 1253 sibi
1031 1201 1164 1254 inter
1205 1201 1483 1254 duodecim
1546 1216 1779 1252 summos
1821 1199 1951 1251 deos

184 1293 303 1360 ipse
352 1308 504 1344 sacra
559 1291 878 1355 instituit.²⁶)
960 1289 1151 1341 Furum
1207 1289 1360 1341 deum
1405 1287 1630 1340 furando
1672 1287 1855 1354 sedem
1896 1287 1948 1337 in

183 1381 414 1450 Olympo
474 1380 573 1433 sibi
633 1396 874 1448 parasse.
914 1397 1035 1432 num
1096 1380 1279 1431 mirum
1323 1379 1452 1446 est?
1519 1378 1574 1435 Si
1616 1376 1746 1429 nihil
1786 1376 1950 1428 voluit-

180 1468 283 1524 nisi
322 1469 507 1535 boveS,
551 1485 640 1521 cur
680 1468 826 1521 fratvl
866 1469 989 1521 illas
1030 1469 1289 1520 abstulit‘.>
1368 1467 1422 1519 Si
1463 1465 1593 1519 nihil
1635 1466 1733 1517 nisi
1791 1465 1949 1523 coria,

184 1574 274 1611 cur
326 1555 738 1626 quinquaginta,
777 1564 830 1609 ut
887 1557 1063 1626 hymni
1120 1563 1317 1625 poeta,
1376 1573 1464 1608 cur
1504 1558 1716 1624 praeter
1757 1571 1950 1607 vaccas

185 1647 342 1702 etiam
389 1648 643 1700 iuvencas
701 1654 751 1700 et
806 1647 1014 1713 vitulOS,
1074 1654 1124 1698 ut.
1174 1645 1470 1715 Sophocles
1519 1645 1721 1698 refert?
1815 1644 1950 1696 Num

182 1737 411 1806 lyrarum
453 1737 718 1789 officinam
760 1737 1031 1789 instituere
1076 1737 1126 1788 in
1170 1737 1344 1788 animo
1386 1733 1608 1787 habuit?
1647 1772 1650 1775 -

357 1855 412 1910 25)
448 1855 587 1899 Allen
623 1860 669 1898 et
703 1854 841 1899 Sikes
877 1853 1159 1899 Gemollium
1193 1853 1346 1897 secuti
1379 1858 1571 1909 poet-am
1607 1852 1743 1896 deum
1775 1851 1951 1895 frustra

184 1943 367 1976 carnem
394 1934 697 1986 appetent-em
720 1929 886 1974 iocose
911 1929 1119 1973 irrisisse
1145 1929 1307 1973 dieunt
1331 1927 1411 1982 (ad
1435 1927 1595 1985 hymni
1614 1940 1801 1971 versum
1820 1927 1923 1980 132)
1943 1941 1954 1972 ε

183 2003 269 2071 sed
317 2003 442 2048 haud
491 2003 608 2057 scio,
644 2017 701 2047 an
749 2003 840 2046 viri
890 2003 962 2046 illi
1010 2003 1278 2048 doctissimi
1326 2002 1594 2048 hominibus
1640 2001 1848 2057 antiquis
1900 2013 1952 2043 ea

183 2077 408 2134 tribuant,
453 2092 573 2134 quae
614 2083 808 2122 nostrae
850 2077 1024 2122 aetatis
1058 2079 1266 2122 lectores
1301 2077 1526 2122 sentiunt.
1590 2076 1761 2133 Hymni
1793 2078 1952 2132 poeta,

185 2151 399 2210 quamvis
433 2151 678 2195 humanam
713 2151 785 2195 dis
819 2151 1024 2196 induerit
1055 2156 1284 2208 naturam,
1319 2156 1475 2196 tamen
1509 2150 1566 2194 ab
1601 2134 1952 2206 Aristophariea

183 2225 392 2281 licentia,
427 2239 529 2268 mea
565 2225 750 2282 quidem
785 2225 1037 2279 sententia,
1081 2226 1223 2282 longe
1267 2229 1478 2269 remotus
1530 2229 1620 2268 est.=
1678 2224 1780 2278 llle,
1813 2223 1952 2268 homo

182 2298 415 2355 plebeius,
439 2299 566 2343 serio
603 2304 649 2343 et
682 2299 967 2356 simpliciter
998 2299 1109 2343 illos
1136 2298 1289 2342 credit
1313 2300 1443 2347 deos,
1469 2298 1547 2355 qui
1569 2302 1744 2354 poetae
1772 2297 1953 2355 comico

183 2373 388 2418 ludibrio
422 2378 545 2427 sunt,
571 2377 618 2416 et
641 2387 736 2417 rem
771 2373 995 2417 traditam
1020 2373 1086 2417 ita
1111 2363 1334 2429 explicat,
1359 2379 1409 2416 ut
1432 2373 1536 2429 ipse
1562 2385 1662 2416 eam
1688 2370 1955 2427 intellegit:

186 2462 288 2493 eum
323 2448 540 2494 consulto
576 2461 711 2491 sacra
746 2447 830 2491 tali
866 2447 1086 2490 irrisione
1120 2448 1309 2503 prolata
1342 2446 1624 2503 profanasse
1661 2440 1846 2488 minime
1883 2448 1956 2487 est.

189 2522 486 2567 credendum.

361 2596 415 2651 26)
450 2596 526 2641 Ad
558 2610 745 2640 versum
782 2598 866 2643 128
900 2602 1030 2641 recte
1053 2597 1153 2640 sine
1179 2596 1324 2640 dnbio
1350 2596 1560 2639 editores
1586 2592 1724 2638 Allen
1749 2598 1795 2637 et
1819 2592 1956 2637 Sikes

188 2670 447 2715 adnotant:
495 2671 639 2726 „This
688 2671 727 2714 is
778 2672 856 2715 the
906 2670 1010 2722 first
1058 2672 1300 2715 reference
1336 2675 1385 2713 to
1422 2683 1447 2712 a
1481 2673 1661 2726 system
1698 2666 1751 2710 of
1781 2666 1956 2711 twelve

190 2745 326 2803 gods,
362 2745 416 2790 of
458 2750 610 2790 whom
661 2745 855 2790 Hermes
904 2745 943 2788 is
994 2759 1095 2789 one.
1162 2745 1228 2788 As
1278 2743 1464 2788 Gemoll
1512 2743 1694 2801 rightly
1729 2737 1957 2798 explainS‚

189 2820 384 2864 Hermes
429 2819 470 2863 is
506 2819 813 2876 consciensly
849 2819 1073 2875 claiming
1106 2819 1178 2862 his
1211 2816 1537 2875 prerogative,
1572 2817 1663 2862 and
1695 2817 1735 2860 is
1769 2813 1964 2860 himself

187 2894 461 2950 instituting
494 2894 572 2938 the
607 2893 748 2937 ritual
784 2893 939 2938 which
975 2894 1012 2936 is
1046 2892 1285 2938 hereafter
1306 2900 1351 2939 to
1375 2893 1433 2955 be
1460 2891 1700 2936 observed
1723 2891 1788 2947 by
1810 2890 1957 2936 men.“

190 2967 318 3019 Quae
346 2982 444 3012 cum
480 2967 548 3011 ita
581 2967 989 3022 sint,-Mercnrium
1025 2981 1162 3010 unuin
1198 2981 1254 3010 ex
1288 2966 1537 3012 duodecim
1562 2966 1657 3010 illis
1683 2979 1789 3009 esse
1811 2968 1960 3022 poeta

189 3040 330 3084 aliter
382 3041 644 3097 exprimere
691 3055 782 3085 non
833 3041 1003 3096 potuit,
1051 3041 1142 3084 nisi
1193 3041 1293 3085 cum
1344 3041 1472 3085 illum
1521 3041 1635 3085 tecit
1684 3040 1834 3096 ipsum
1865 3037 1960 3083 sibi

190 3114 550 3160 sacrificantem.
600 3115 820 3171 Singulas
854 3129 944 3170 res,
980 3129 1095 3172 quas
1128 3120 1275 3170 poeta
1308 3120 1482 3168 narrat,
1507 3129 1671 3158 carnes
1706 3114 1814 3158 dico
1846 3115 1957 3158 loco

191 3190 392 3246 quodam
427 3191 618 3234 elevato
653 3195 887 3244 servatas,
922 3188 1051 3232 coria
1086 3202 1225 3244 supra
1260 3203 1421 3234 saxum
1446 3192 1638 3232 extenta
1663 3202 1766 3232 cum
1787 3187 1958 3232 ritibus

193 3265 466 3309 cohaesisse
503 3271 550 3309 et
585 3265 886 3309 caerimoniis
923 3265 982 3308 ad
1009 3264 1112 3320 ipsa
1143 3265 1224 3308 illa
1268 3277 1387 3319 quae
1413 3262 1668 3307 Mercurius
1693 3261 1960 3306 instituisse

192 3338 442 3383 dicebatur
479 3353 613 3384 sacra
663 3337 1010 3396 pertinentibus
1046 3338 1146 3381 veri
1183 3342 1257 3382 est
1288 3338 1606 3393 simillimnm-;
1641 3337 1699 3383 ef.
1739 3338 1881 3381 Allen
1916 3341 1964 3380 ct·

193 3411 331 3457 S'ikes
367 3411 428 3458 ad
461 3426 504 3459 v.
541 3415 637 3461 135.
