2274 4036
876 306 1208 361 —107—

156 486 355 539 tionem
402 490 536 541 κατὰ
578 489 812 558 στοίχους
854 481 1051 538 factam
1096 501 1216 538 esse
1257 484 1431 551 quinis
1472 483 1734 537 choreutis
1775 483 1930 537 simul

157 575 484 629 orchestram
523 575 857 643 intrantibuS,
908 574 1064 628 nobis
1103 589 1416 643 persuasum
1458 579 1538 626 est
1578 590 1696 626 eam
1752 590 1818 626 ea
1862 573 1928 626 de

158 681 324 718 causa
379 665 454 717 ita
512 680 633 717 esse
690 663 1034 732 appellatam,
1097 662 1241 730 quod
1302 668 1409 714 tres
1475 673 1670 735 στοῖχοι
1735 662 1929 730 singuli

157 754 396 822 singulos
461 753 923 820 subsequerentur.
1028 751 1122 804 Sin
1179 756 1356 803 autem
1409 751 1638 818 quinque
1690 751 1816 818 iuga
1863 768 1929 803 ex

154 843 318 895 ternis
383 842 670 899 constituta
734 840 1076 895 saltatoribus
1137 840 1244 892 alia
1283 845 1405 908 post
1457 839 1563 892 alia
1616 839 1927 909 procedunt,

157 931 403 999 equidem
431 931 567 983 hunc
595 929 834 984 ordinem
860 935 994 984 κατὰ
1022 933 1153 1001 ζυγά
1180 929 1475 981 institutum
1505 945 1624 981 esse
1647 929 1927 998 contende,

161 1021 275 1074 sive
316 1020 383 1074 de
423 1019 626 1089 parodo
656 1020 842 1088 agitur,
885 1019 999 1071 sive
1036 1017 1106 1070 ad
1131 1023 1312 1072 ternos
1354 1019 1608 1070 instructa
1635 1025 1929 1088 satyrorum

89 1172 91 1174 ,
155 1115 371 1163 caterva
409 1110 651 1163 Mercurii
692 1114 896 1162 antrum
919 1108 1181 1178 'adit¹⁵9):

948 1244 1111 1314 σκηνή

914 1351 1150 1418 μέτωπον

600 1435 816 1508 ζυτωῖ
923 1434 960 1506 Τ
1035 1434 1070 1506 T
1115 1434 1181 1506 i
1241 1434 1266 1485 Ι
1306 1438 1459 1507 ζυγόν

788 1523 840 1574 II
921 1522 956 1594 T
1033 1522 1068 1594 T
1144 1522 1178 1594 T
1237 1522 1289 1573 II

785 1612 865 1663 III
923 1611 956 1683 T
1032 1611 1067 1683 T
1145 1611 1178 1683 T
1236 1611 1316 1663 ΠἸ

783 1701 856 1753 IV
921 1700 955 1772 T
1032 1700 1066 1772 T
1143 1700 1177 1771 T
1235 1700 1309 1752 VI

599 1794 753 1864 ζυγον
795 1790 839 1842 V
920 1790 955 1862 T
1031 1790 1066 1862 T
1141 1790 1176 1861 T
1235 1789 1282 1841 V
1321 1792 1476 1863 ζυγόν

917 1879 950 1940 g
983 1868 1173 1938 οὐράῇ

154 2165 307 2216 Hanc
362 2168 537 2216 autem
578 2163 722 2216 ebori
762 2162 1117 2215 constituendi
1155 2162 1413 2215 rationem
1456 2162 1742 2229 antiquitus
1783 2168 1834 2215 et
1871 2163 1926 2215 in

153 2253 358 2321 parodo
425 2259 476 2306 et
538 2253 592 2305 in
658 2252 914 2321 episodiis
986 2251 1196 2305 solitam
1263 2256 1316 2304 et
1379 2251 1692 2304 sollemnem
1758 2251 1926 2305 fuisse

152 2343 305 2411 ipsae
363 2359 525 2395 voces
579 2344 734 2415 ζυγόν
795 2348 846 2395 et
893 2353 1109 2414 ’στοῖχος
1168 2340 1393 2408 docent3
1444 2340 1563 2394 fieri
1621 2341 1760 2394 enim
1818 2358 1925 2394 non

154 2432 340 2500 potuit,
401 2437 455 2484 ut
506 2430 719 2484 ordines
778 2431 852 2484 sic
910 2430 1328 2500 designarentur,
1387 2429 1491 2483 nisi
1549 2431 1718 2499 primo
1776 2430 1925 2483 initio

154 2519 300 2573 chori
355 2521 482 2589 iuga
541 2528 592 2573 et
643 2531 838 2593 στοῖχοι
899 2520 971 2572 ita
1012 2525 1068 2572 ut
1105 2520 1159 2572 in
1200 2520 1434 2573 exercitu
1474 2519 1718 2573 ordinata
1758 2526 1923 2573 erant.

154 2609 452 2678 Sophocles
492 2609 772 2663 duodecim
814 2609 1154 2663 saltatoribus
1192 2615 1299 2662 tres
1341 2609 1615 2662 addidisse
1654 2615 1924 2678 narratur3

154 2714 259 2751 uno
287 2699 447 2766 igitur
475 2699 621 2751 auxit
654 2715 929 2751 numerum
966 2699 1223 2767 iugorum,
1269 2715 1407 2766 quae
1435 2699 1542 2751 illis
1584 2699 1913 2767 temporibus

156 2788 526 2841 constitutione
577 2795 710 2844 κατὰ
750 2793 881 2861 ζυγά
922 2788 1234 2857 plerumque
1288 2788 1528 2841 adhibita
1578 2789 1759 2856 magni
1811 2788 1925 2841 sine

155 2876 315 2929 dubio
356 2877 608 2931 momenti
647 2883 811 2931 erant.
877 2877 1098 2930 Photius
1126 2895 1167 2930 s,
1191 2894 1237 2930 v.
1278 2881 1441 2949 τρίτος
1483 2882 1749 2949 ἀριστεροῦ
1788 2876 1923 2930 haec

331 3059 412 3114 159)
455 3059 684 3104 Albertus
731 3059 927 3103 Mueller
968 3059 997 3102 1.
1031 3074 1068 3103 s.
1103 3073 1139 3103 s.
1183 3072 1230 3116 p.
1263 3061 1349 3106 213
1391 3060 1496 3104 adn.
1530 3064 1557 3106 2
1601 3060 1771 3104 iterum
1815 3074 1923 3105 con-

154 3133 313 3177 trariis
364 3134 512 3177 utitur
559 3133 986 3189 designationibus,
1039 3133 1127 3177 hac
1180 3133 1226 3176 in
1279 3147 1328 3177 re
1381 3148 1474 3178 non
1525 3133 1733 3178 Muffium
1786 3149 1922 3191 quem

155 3211 362 3251 testatur
418 3211 624 3252 secutus.
714 3207 898 3251 Muffius
948 3213 1066 3251 enim
1128 3207 1156 3254 l.
1191 3222 1228 3251 s.
1263 3223 1299 3251 s.
1344 3222 1390 3263 p.
1432 3210 1520 3254 214
1552 3222 1655 3265 sqq.
1704 3208 1750 3252 in
1798 3208 1921 3253 hunc

157 3295 363 3326 errorem
406 3296 500 3326 non
534 3282 714 3326 incidit.
781 3282 985 3325 Chorum
1020 3281 1287 3337 quindecim
1318 3282 1651 3326 choreutarum
1673 3283 1920 3339 proposui,

156 3367 433 3411 quamquam
455 3354 511 3398 de
536 3359 803 3412 satyrorum
828 3368 1036 3410 numero,
1056 3355 1134 3410 qui
1154 3354 1470 3411 Indagatores
1494 3355 1702 3399 fabulam
1722 3356 1921 3411 egerint,

154 3428 273 3471 nihil
307 3433 512 3472 constat.
