2274 4036
294 498 452 552 Attici
501 498 751 552 scaenico
789 498 845 550 in
894 497 1220 552 instituendo
1276 502 1538 566 apparatu
1592 514 1678 551 res
1727 498 1916 551 imitati
1966 499 2071 551 sint

294 605 467 658 veras,
523 588 806 656 nescimus⁷
864 604 1037 655 neque
1091 588 1477 655 Judagatorum
1535 604 1671 654 quae
1727 588 2071 658 suppeditant

292 679 592 746 fragmenta
631 677 840 745 docent,
894 676 1263 746 Sophoclesne
1305 677 1440 729 antri
1479 677 1580 729 sibi
1634 676 1843 730 finxerit
1894 685 2068 746 poste-

291 768 457 820 riores
503 772 684 836 partes
733 766 962 838 penitus
996 767 1050 820 in
1104 765 1424 835 profundam
1484 766 1678 819 montis
1737 767 2068 821 altitudinem

291 862 604 926 penetrare3
661 857 705 909 si
747 862 923 909 autem
977 856 1274 910 mirabilem
1299 856 1567 908 -citharae
1622 856 1867 909 effectum
1906 864 2070 927 poeta

293 963 488 1015 augere
529 946 713 1015 voluit,
766 946 909 998 illius
949 962 1137 999 vocem
1191 962 1257 998 ex
1307 945 1574 1014 profundo
1627 951 1908 999 sonantem
1960 953 2068 1000 tam

293 1036 452 1088 facile
491 1035 744 1088 inducere
785 1035 954 1103 potuit
994 1051 1226 1088 scaenae
1256 1035 1412 1087 domo
1443 1052 1600 1102 quam
1642 1036 1848 1105 pulpito
1888 1037 2067 1104 ligneo

292 1125 483 1178 acclivi
521 1124 609 1177 vel
649 1123 893 1176 cuniculo
921 1123 1150 1190 quodam
1182 1124 1526 1176 subterraneo
1555 1141 1698 1193 usus,
1729 1125 1817 1192 qui
1845 1125 2068 1179 fueritne

290 1231 541 1282 umquam
582 1215 635 1266 in
675 1213 1079 1266 Atheniensium
1130 1213 1353 1282 theatm,
1410 1214 1570 1267 valde
1612 1213 1827 1266 dubium
1869 1215 2065 1282 est150).

292 1304 417 1357 Sive
457 1304 579 1356 leve
637 1303 1039 1357 tabernaculum
1100 1303 1169 1355 ad
1225 1302 1545 1356 orchestram
1616 1303 1913 1373 adiacebat,
1956 1304 2070 1356 sive

291 1393 426 1445 illud
465 1394 517 1445 in
560 1378 799 1446 extrema
840 1396 953 1446 eius
980 1397 1131 1462 parte
1161 1399 1273 1445 erat
1303 1397 1624 1446 exstructum
1637 1391 1731 1459 151),
1762 1392 1905 1445 altae
1932 1392 2062 1445 illae

292 1483 727 1551 substructiones7
770 1483 838 1535 de
867 1483 1058 1549 quibus
1087 1499 1248 1552 supra
1288 1482 1397 1534 dixi
1411 1481 1512 1552 152),
1556 1483 1794 1535 histrioni
1832 1483 2067 1552 amplum

291 1573 626 1640 praebebant
650 1572 843 1624 locum.
896 1572 1033 1624 Hinc
1061 1572 1152 1624 ille
1182 1589 1213 1624 a
1241 1577 1598 1640 spectatorum
1628 1572 1797 1625 oculis
1835 1578 2069 1626 remotus

292 1668 343 1715 et
395 1661 629 1714 citharae
670 1678 857 1714 vocem
901 1666 1229 1714 attenuatam
1271 1666 1323 1713 et
1381 1660 1711 1731 depressam,
1768 1661 1962 1714 velutsi
2003 1678 2069 1715 ex

280 1751 555 1820 profundo
615 1757 796 1804 monte
857 1756 1087 1820 sonaret,
1151 1751 1390 1804 emittere
1457 1757 1509 1803 et
1565 1751 1818 1804 tabulatis
1876 1751 2069 1820 ligneis

291 1841 559 1908 scalisque
626 1841 947 1909 comparatis
1012 1841 1065 1892 in
1131 1856 1385 1892 scaenam
1448 1840 1672 1908 prodire·
1726 1841 1898 1910 potuit
1955 1842 2069 1895 sive

289 1931 519 2000 pedibus
560 1931 670 1983 suis
711 1930 823 1983 sive
864 1930 918 1983 in
958 1930 1098 1982 lecto
1139 1930 1341 1982 iacens.

291 2141 513 2196 Corssen‚
561 2125 641 2196 qui
692 2138 998 2183 Harrisoniae
1048 2142 1122 2182 est
1169 2138 1326 2192 testis,
1376 2137 1494 2181 dicit
1527 2137 1642 2194 (Das
1679 2136 1940 2193 Gestingnis
1985 2136 2070 2181 der

292 2215 534 2271 Antigone
567 2215 612 2258 J.
637 2214 681 2258 J.
705 2214 814 2258 XVI
840 2214 955 2258 1913
987 2227 1034 2269 p.
1058 2214 1186 2266 229):
1221 2213 1345 2267 „Nur
1376 2212 1493 2256 iiber
1526 2211 1616 2255 den
1650 2212 1845 2268 Zugang
1877 2215 1987 2268 sagt
2020 2226 2069 2256 er

291 2295 443 2334 etwas
474 2289 571 2333 und
602 2289 704 2333 lasst
735 2303 821 2332 uns
855 2288 988 2332 nicht
1021 2288 1225 2332 dariiber
1256 2288 1315 2331 im
1353 2286 1562 2343 Zweifel,
1596 2287 1687 2331 dass
1723 2302 1773 2330 er
1805 2301 1860 2330 zu
1894 2286 2071 2331 ebener

290 2366 430 2421 Erde,
473 2364 607 2409 nicht
639 2363 769 2419 aber,
812 2363 904 2406 wie
952 2363 1000 2406 in
1040 2363 1146 2406 dem
1178 2360 1761 2417 Vestalinnengefangnis,
1805 2349 1902 2406 von
1945 2360 2067 2406 oben

290 2442 431 2484 war.“
495 2438 713 2482 Mercurii
746 2451 882 2482 mons
913 2451 1107 2493 puerum
1141 2437 1278 2493 tegit,
1319 2436 1397 2493 qui
1433 2436 1606 2480 ceteris
1638 2436 1707 2480 ita
1739 2436 1988 2480 antecellit
2017 2441 2069 2480 ut

291 2527 410 2557 vasa
455 2526 599 2557 aurea
643 2512 690 2555 in
738 2511 976 2556 thesauris
1025 2515 1219 2555 servata
1262 2510 1336 2566 iis,
1386 2510 1555 2567 quibus
1603 2510 1818 2554 homines
1867 2510 2068 2555 cottidie

232 2587 245 2596 ’
290 2591 498 2632 utuntur.
560 2586 723 2630 Utrum
758 2586 838 2630 ille
872 2585 961 2630 hac
996 2586 1062 2629 de·
1100 2598 1244 2629 causa
1278 2598 1337 2628 an
1375 2588 1576 2641 propter
1606 2584 1805 2629 formam
1849 2587 2069 2640 θησαυρός

292 2663 448 2707 dictus
481 2662 560 2717 sit,
603 2675 696 2705 non
729 2661 896 2717 liquet,
930 2660 971 2704 si
1002 2664 1203 2716 propter
1250 2659 1463 2716 formam,
1513 2659 1669 2710 aditus
1719 2663 1848 2704 certe
1894 2673 1990 2704 non
2020 2660 2068 2703 in

292 2738 476 2782 vertice
518 2740 636 2782 erat.
698 2736 1037 2779 Adnotandum
1072 2739 1146 2778 est
1180 2738 1227 2780 et
1250 2734 1469 2778 Mercurii
1503 2739 1685 2778 antrum
1721 2733 1987 2791 Cyllenium
2021 2738 2070 2778 et

289 2812 432 2855 «Iovis
464 2811 665 2854 Jdaeum
690 2809 869 2853 aditum
895 2809 1131 2854 declivem
1155 2809 1396 2865 habuisse,
1431 2808 1488 2853 cf.
1514 2808 1890 2853 Schefflerl.s.s.
1907 2823 1952 2865 p.
1978 2809 2066 2864 1s2,

293 2885 529 2929 HaIbherr
575 2889 623 2928 et
667 2884 773 2928 Orsi
820 2885 849 2927 1.
885 2898 921 2926 s.
955 2898 992 2929 s.
1024 2898 1068 2940 p.
1103 2885 1215 2941 6913
1259 2883 1563 2927 Philoctetae
1611 2896 1813 2930 caverna
1863 2883 2066 2928 cuniculi

292 2962 443 3004 instar
473 2974 558 3016 per
590 2973 732 3015 rupes
765 2958 1012 3016 perfossas
1045 2962 1318 3015 penetrans,
1353 2958 1570 3014 quamvis
1605 2957 1875 3013 singularis,
1910 2962 2066 3002 tamen

294 3041 461 3079 contra
494 3048 648 3077 rerum
680 3037 895 3077 naturam
927 3032 1076 3077 fuisse
1110 3047 1204 3077 non
1238 3032 1454 3090 videtur3
1490 3032 1548 3077 cf.
1574 3031 1885 3076 Woodhouse
1919 3032 1949 3077 l.
1972 3046 2065 3075 s.s.

292 3124 336 3164 p.
369 3111 454 3154 241
491 3122 593 3165 sqq.
1066 3110 1068 3112 ’

471 3198 547 3254 150)
583 3197 641 3241 cf.
676 3197 781 3246 adn,
816 3199 900 3242 129
932 3211 977 3252 p.
1012 3197 1080 3240 79.

470 3286 544 3341 1³¹)
580 3286 638 3330 cf.
674 3285 1134 3342 Doerpfeld-Reisch
1167 3299 1211 3341 p.
1237 3286 1321 3331 193
1355 3299 1473 3341 sqq.,
1509 3284 1767 3328 Robertum
1802 3285 1855 3329 H.
1889 3284 2067 3328 XXXII

294 3363 407 3407 1897
440 3376 485 3416 p.
518 3362 604 3406 423
638 3376 740 3417 sqq.

471 3450 546 3509 152)
583 3450 642 3495 of.
674 3449 1136 3506 Doerpfeld-Reisch
1167 3464 1212 3504 p.
1245 3449 1395 3506 26s27‚
1427 3463 1474 3503 p.
1508 3451 1606 3504 198,
1639 3462 1683 3504 p.
1717 3449 1804 3492 248
1835 3461 1939 3505 sqq.
