2274 4036
1100 274 1393 326 —42—

267 499 295 512 ,
362 457 502 504 tecto
579 451 810 504 munitus
888 455 1048 522 atque
1124 454 1382 525 περιβόλῳ
1461 458 1542 504 est
1630 453 2001 523 amplificatus,
2079 459 2136 507 ut

363 544 813 614 δρακοντοσπηλιά
855 557 992 611 quae
1035 546 1254 594 vocatur
1295 558 1527 594 caverna
1565 541 1740 595 Delia.
1762 542 1825 610 ⁷⁹)
1865 543 2134 598 Nonnum-

365 646 524 700 quam
584 636 759 683 autem
815 634 1006 683 natura
1055 630 1178 698 ipsa
1227 635 1424 683 tectum
1480 631 1802 702 praebuerat
1853 632 2136 704 locumque

365 736 483 772 cum
525 735 690 790 specu
731 719 1085 789 coniunctum,
1128 720 1217 791 qui
1257 723 1532 792 περιβόλου
1560 721 1676 783 vice
1707 721 1938 791 quodam
1966 721 2126 775 modo

364 809 514 877 fungi
552 814 759 880 posset:
802 808 970 862 Idaea
995 810 1147 864 Jovis
1176 826 1406 862 caverna
1432 810 1686 863 natalicia
1724 827 1830 864 non
1869 810 2138 865 hominum

365 898 610 951 manibus
665 897 806 950 facta
855 898 1014 951 simili
1053 898 1212 951 modo
1255 903 1414 968 atque
1454 899 1656 970 templa
1704 905 1816 952 erat
1863 905 2136 953 exornata.

369 987 487 1051 Qua
543 987 741 1040 collata
798 1004 955 1040 nemo
1005 1005 1110 1041 non
1162 987 1440 1057 intellegit,
1503 1004 1664 1059 quare
1716 1006 1765 1042 v,
1812 989 1915 1042 148
1955 995 2140 1062 ἄντρου

369 1120 662 1131 ......
705 1080 858 1132 πίονα
898 1080 1019 1149 νηόν
1060 1077 1303 1129 Mercurii
1352 1077 1664 1148 speluncam
1706 1083 1869 1146 poeta
1921 1077 2140 1145 dixerit3

366 1184 471 1220 non
527 1166 668 1220 enim
718 1166 1011 1236 dubitabat,
1055 1167 1180 1237 quin
1237 1166 1332 1218 illa
1373 1173 1516 1219 esset
1554 1165 1749 1219 referta
1789 1166 1959 1236 donis,
2004 1183 2141 1238 quae

368 1256 455 1326 qui
496 1255 794 1309 adorabant
836 1254 1097 1308 eiusmodi
1137 1255 1271 1308 locis
1313 1254 1638 1308 dedicabant
1677 1273 1726 1309 v.
1771 1258 1869 1309 61:

444 1348 686 1418 τρίποδας
730 1386 1019 1402 ......
1061 1347 1371 1417 ἐπηετανούς
1410 1366 1464 1400 τε
1506 1328 1722 1418 ὶῖἑβητας

444 1452 495 1489 v.
538 1434 670 1490 249:
711 1438 906 1499 πολλὸς
947 1437 1004 1489 δὲ
1044 1438 1232 1507 χρυσός
1272 1455 1327 1489 τε
1365 1440 1453 1490 καὶ
1495 1440 1713 1507 ἄργυρος
1754 1438 1899 1491 ἔνδον
1938 1437 2122 1490 ἔκειτο.

374 1525 513 1578 Ante
536 1523 765 1577 'Idaeum
797 1529 1004 1577 antrum
1033 1524 1257 1577 donaria
1286 1540 1351 1577 ex
1380 1541 1520 1594 aere,
1551 1541 1698 1593 aum,
1730 1529 1951 1593 argento
1980 1524 2142 1593 facta,

370 1615 504 1667 inter
526 1614 633 1667 alia
660 1614 911 1683 cortinae,
933 1619 1170 1686 paterae,
1192 1613 1601 1685 tripodes-erant
1621 1614 1903 1684 collocata,
1926 1631 2145 1686 quorum

371 1704 672 1772 fragmenta
710 1720 850 1757 nunc
901 1704 1098 1757 effossa
1154 1710 1288 1758 sunt.
1311 1704 1376 1772 ⁸⁰)
1456 1704 1685 1777 Templa
1741 1710 1915 1757 autem
1969 1721 2146 1758 caver-

548 1853 603 1904 79)
639 1854 700 1899 cf.
718 1854 956 1910 Lebegue,
974 1854 1277 1898 Recherches
1301 1868 1383 1898 sur
1398 1854 1564 1910 Delos,
1588 1854 1724 1898 Paris
1745 1856 1859 1901 1876
1880 1867 1927 1912 p.
1943 1856 2001 1900 49
2028 1868 2147 1913 sqq.,

371 1928 513 1986 Jebb,
545 1929 696 1973 Delos
729 1928 774 1973 J.
808 1929 863 1974 H.
898 1927 968 1973 St.
1003 1928 1023 1972 Ι
1057 1929 1173 1974 1880
1219 1942 1263 1986 p.
1307 1930 1365 1974 39
1414 1941 1518 1987 sqq.
1583 1928 1697 1973 Cum
1746 1929 1838 1973 hoc
1883 1929 2147 1986 comparari

373 2003 578 2060 quodam
610 2004 754 2049 modo
788 2007 953 2061 potest
987 2007 1171 2047 antrum
1203 2003 1565 2047 Praenestinum
1599 2003 1836 2047 Fortunae
1870 2016 2069 2059 sacrum,
2101 2003 2150 2047 in

374 2092 536 2122 verum
561 2079 788 2136 templum
808 2082 1143 2136 permutatum,
1178 2077 1283 2136 „ein
1314 2077 1637 2122 Felsenhaus“
1671 2078 1882 2122 Richard
1903 2077 2149 2123 Delbriick

278 2197 283 2202 ,
374 2153 422 2197 id
456 2152 587 2209 dicit,
611 2153 983 2198 Hellenistische
1008 2154 1193 2197 Bauten
1226 2153 1273 2196 in
1297 2153 1497 2210 Latium,
1531 2154 1552 2197 I
1576 2152 1843 2210 Strassburg
1875 2154 1988 2200 1907
2022 2166 2069 2210 p.
2092 2155 2149 2199 66

376 2228 452 2282 (cf.
484 2242 530 2286 p.
562 2229 619 2274 47
654 2242 773 2286 sqq.,
796 2228 842 2272 II
876 2228 1142 2284 Strassburg
1166 2229 1281 2274 1912
1303 2243 1348 2286 p.
1373 2232 1397 2274 1
1433 2242 1538 2287 sqq.
1562 2228 1646 2272 Ta.
1669 2229 1722 2283 Ι.)
1755 2229 1943 2273 Delium
1967 2232 2150 2272 antrum

374 2303 597 2360 Lebegue
631 2304 774 2348 modo
811 2304 1029 2361 „grotte“
1065 2304 1145 2347 vel
1181 2305 1443 2358 „caverne“
1480 2303 1711 2361 appellat,
1732 2302 1875 2347 modo
1901 2302 2150 2359 ,‚temple“.

375 2378 591 2423 Mercurii
640 2383 797 2422 autem
847 2392 1054 2423 caverna
1099 2392 1194 2422 non
1241 2378 1384 2422 modo
1435 2382 1618 2421 antrum
1673 2382 1776 2421 erat
1830 2380 1877 2421 et
1923 2376 2150 2434 templum

374 2457 574 2511 propter
623 2453 761 2497 deum
810 2452 987 2497 ibidem
1034 2457 1209 2509 natum,
1258 2452 1344 2496 sed
1394 2452 1536 2496 etiam
1582 2453 1764 2508 domus,
1806 2464 1911 2494 nam
1943 2449 2067 2494 Maia
2105 2453 2153 2496 et

375 2528 633 2572 Mercurius
667 2542 799 2572 suum
834 2527 1126 2572 domicilium
1161 2527 1206 2570 in
1241 2541 1297 2571 ea
1331 2527 1708 2572 collocaverant.

551 2601 606 2652 8⁰)
642 2601 701 2646 cf.
734 2601 1017 2658 Fabricium,
1050 2602 1139 2663 Die
1174 2600 1420 2646 Idaeische
1455 2600 1740 2657 Zeusgrotte
1773 2599 1830 2642 A.
1865 2598 1923 2642 M.
1957 2598 2000 2642 X
2035 2598 2150 2643 1885

376 2690 420 2732 p.
455 2676 603 2733 62s63,
636 2690 681 2732 p.
714 2676 768 2719 67
803 2689 906 2732 sqq.
947 2675 1183 2718 Halbherr
1216 2679 1263 2718 et
1297 2674 1416 2730 Orsi,
1468 2674 1611 2718 Scavi
1646 2687 1671 2718 e
1706 2673 1995 2717 trovamenti
2043 2671 2152 2715 nell’

379 2754 514 2794 antro
550 2750 596 2794 di
631 2749 750 2793 Zeus
785 2750 857 2793 sul
890 2753 1051 2793 monte
1084 2750 1169 2793 Ida
1219 2749 1264 2792 in
1301 2748 1457 2805 Creta,
1491 2749 1654 2793 Museo
1687 2747 1894 2792 Italiano
1943 2746 1989 2791 di
2038 2746 2154 2790 anti-

379 2825 508 2870 chita
532 2825 737 2869 classica
760 2825 888 2879 1888,
912 2823 957 2867 ΙΙ
979 2829 1006 2870 3
1028 2841 1068 2881 p.
1095 2824 1178 2870 725
1197 2838 1300 2881 sqq.
1332 2826 1515 2879 λέβητας
1539 2826 1761 2868 accurate
1785 2821 2153 2878 descripserunt,

377 2914 422 2956 p.
459 2901 542 2946 737
577 2913 680 2956 sqq.
714 2902 926 2954 τριπόδων
959 2898 1203 2955 reliquias,
1236 2913 1281 2955 p.
1316 2898 1400 2944 749
1434 2911 1538 2954 sqq.
1571 2910 1724 2954 pauca
1758 2896 1842 2939 illa
1877 2898 2155 2939 ornamenta

383 2987 540 3030 aurea,
577 2987 696 3030 quae
732 2987 758 3016 a
792 2972 976 3016 furibus
1011 2977 1205 3017 servata
1239 2977 1362 3016 sunt.
1428 2972 1477 3015 ln
1521 2971 1724 3015 Dictaea
1756 2969 1899 3014 Jovis
1948 2981 2155 3013 caverna

382 3051 647 3104 ἀναθήματα
697 3049 939 3092 collocata
974 3051 1109 3092 erant
1142 3051 1190 3091 et
1223 3060 1371 3091 aenea
1411 3045 1537 3090 sicut
1569 3045 1615 3088 in
1650 3049 1786 3088 antro
1819 3042 1965 3087 Idaeo
2001 3046 2049 3087 et
2079 3041 2156 3086 fic-

380 3124 487 3167 tilia
520 3124 646 3168 sicut
677 3130 720 3169 in
757 3123 1004 3180 Cylleni03
1042 3122 1100 3167 cf.
1124 3121 1356 3178 Hogarth,
1390 3120 1489 3164 The
1515 3120 1750 3163 Dictaean
1790 3117 1934 3173 Cave,
1970 3116 2155 3160 Annual

381 3199 437 3243 of
478 3199 556 3242 the
606 3198 788 3243 British
837 3197 1017 3242 School
1067 3202 1117 3241 at
1170 3196 1353 3240 Athens
1398 3195 1462 3240 VI
1511 3195 1805 3239 1899—1900
1854 3206 1884 3248 p
1920 3194 2002 3237 101
2052 3204 2154 3247 sqq.

383 3274 451 3317 Ex
487 3288 557 3328 eo,
594 3273 721 3329 quod
755 3273 954 3316 donaria
989 3285 1043 3316 ex
1069 3286 1191 3327 aere,
1227 3284 1357 3326 auro,
1393 3273 1591 3326 argento
1625 3267 1755 3319 facta
1788 3267 1832 3310 in
1866 3270 2026 3311 monte
2051 3264 2157 3322 Cyl-

383 3349 486 3391 lene
520 3362 613 3391 non
672 3351 864 3404 reperta
906 3350 1030 3402 sunt,
1079 3345 1364 3390 concludere
1401 3348 1528 3388 certe
1577 3357 1671 3387 non
1718 3342 1834 3386 licet
1877 3354 1932 3385 ea
1979 3339 2155 3384 ibidem

383 3435 631 3478 numquam
668 3421 928 3465 exstitisse.
