2274 4036
1168 284 1461 338 —38-

389 476 396 482 ·
424 464 653 517 effossae
683 469 819 534 sunt,
849 464 947 517 viri
975 462 1116 516 docti
1144 463 1256 516 fere
1286 462 1626 516 consentiunt
1651 466 1912 534 πρόθυρον
1940 479 2061 515 esse
2083 463 2196 517 sive

423 553 683 622 porticum
726 558 848 606 ante
888 558 1096 622 portam
1137 552 1326 622 domus
1365 585 1435 591 —
1479 555 1704 624 μεγάρου
1742 585 1830 620 -,,
1859 551 1914 604 id
1942 557 2023 605 est
2048 552 2198 606 locus

423 648 574 712 parte
634 643 703 696 ad
758 643 935 695 aulam
994 659 1152 696 versa
1207 647 1407 712 aperta,
1460 641 1691 694 munitus
1742 646 1883 694 tecto
1937 641 2198 694 columnis

423 732 615 801 pilisve
657 747 937 800 suspenSO,
981 731 1068 798 qui
1107 731 1231 784 item
1273 736 1498 786 αἴθουσα
1556 730 1644 783 vel
1700 734 1956 803 πρόδομος
2017 731 2198 800 appel-

422 820 575 889 latur,
633 821 746 874 sive
809 821 967 874 aulae
1024 826 1230 890 portam
1291 819 1449 872 simili
1507 819 1710 887 porticu
1769 824 1989 887 utraque
2046 825 2199 889 parte

423 910 831 977 insn·uctam.⁷2)
889 911 1069 963 Boves
1110 915 1285 962 autem
1328 908 1542 962 domum
1582 909 1775 961 intrare
1818 909 2066 975 quoniam
2093 925 2198 962 non

427 1087 481 1117 ea
514 1086 815 1128 revocemus,
847 1066 1032 1129 positio
1069 1072 1234 1117 obstat
1268 1071 1550 1116 verborum:

802 1149 1033 1201 αἱμυλίοισι
1066 1149 1260 1201 λόγοισιν
1295 1149 1368 1200 ἑὴν
1402 1147 1649 1188 ἐσκάτθετο
1683 1149 1824 1202 νηδὺν.

602 1220 657 1276 72)
681 1221 779 1264 Iam
802 1219 1061 1276 Rumpfius,
1083 1220 1154 1263 De
1179 1219 1380 1264 aedibus
1403 1219 1686 1275 Homericis,
1723 1219 1905 1264 Giessen
1939 1222 2056 1266 1844
2074 1234 2122 1277 p.
2146 1224 2202 1266 10

427 1309 564 1353 quam
613 1295 829 1353 plurimis
880 1294 1161 1338 examinatis
1210 1294 1332 1338 locis
1380 1293 1646 1338 Homericis
1697 1293 1753 1338 de
1801 1293 1939 1339 vocis
1983 1296 2200 1349 πρόθυρον

427 1368 781 1425 significatione
818 1369 1006 1413 docuit:
1042 1368 1320 1423 „Transitus
1356 1382 1381 1412 a
1415 1367 1497 1412 via
1530 1368 1590 1412 ad
1624 1369 1759 1412 aulae
1795 1369 1951 1413 locum
1987 1382 2201 1425 vacuum,

427 1443 486 1487 ab
521 1445 629 1487 aula
664 1444 724 1487 ad
758 1444 946 1487 domum
978 1446 1198 1507 πρόθυρον
1231 1443 1515 1498 nominatur,
1547 1448 1642 1486 non
1675 1444 1808 1487 solus
1841 1443 1976 1488 locus
2022 1456 2202 1488 vacuus

427 1524 535 1563 ante
572 1519 724 1576 ipsum
757 1510 1230 1563 introit11n1”collatis
1263 1518 1456 1562 Pindari
1491 1517 1713 1562 versibus
1748 1517 1818 1564 Ol.
1839 1518 1905 1563 VI
1938 1519 1986 1563 1:
2018 1522 2202 1574 χρυσέας

426 1597 745 1644 ὑποστάσαντες
793 1595 976 1648 εὐτειχεῖ
1022 1595 1227 1648 προθὺρῳ
1264 1595 1470 1648 θαλάμου
1506 1597 1671 1644 κίονας.
1736 1592 1955 1649 Tiirweg‚
1997 1591 2204 1648 Torweg

428 1667 706 1712 Germanice
756 1667 836 1711 ille
886 1667 1047 1712 vertit.
1113 1667 1255 1711 Cuius
1300 1667 1539 1711 sententia
1585 1666 1631 1710 in
1666 1681 1722 1711 eo
1757 1667 1857 1711 sine
1892 1666 2038 1712 dubio
2070 1670 2201 1712 recte

429 1756 478 1787 se
527 1742 688 1798 habet,
738 1742 866 1799 quod
914 1742 1004 1786 hac
1057 1756 1180 1786 voce
1236 1741 1403 1786 domus
1457 1741 1690 1799 quaedam
1741 1755 1852 1798 pars
1907 1740 2203 1798 significatur

427 1817 690 1861 cohaerens
726 1831 826 1862 cum
859 1821 1000 1874 porta
1036 1820 1219 1873 ,,θὺρᾳ“,
1243 1830 1336 1876 qua
1369 1821 1551 1861 antrum
1588 1830 1748 1862 carere
1783 1817 1924 1861 solet.
1973 1816 2022 1862 Si
2047 1821 2202 1861 autem

426 1892 662 1941 rationem
710 1892 942 1950 quandam
991 1892 1290 1936 intercedere
1338 1891 1611 1948 putabimus
1659 1891 1784 1935 inter
1830 1892 1988 1942 aedes,
2036 1896 2089 1935 ut
2136 1892 2203 1935 ita

428 1967 597 2024 dicam,
620 1967 905 2024 Mycenaeas
931 1970 979 2010 et
1001 1967 1294 2023 Homericam,
1319 1967 1615 2011 inveniemus
1634 1979 1660 2010 a
1680 1966 1909 2023 Schaperi
1928 1965 2203 2011 definitione

429 2045 481 2096 „3
530 2045 612 2097 πρὸ
660 2048 735 2098 τῆς
782 2044 918 2096 θυρας
967 2044 1106 2085 ἐστίνιζ
1159 2041 1367 2098 profecti
1402 2041 1477 2097 (K.
1512 2041 1558 2086 Z.
1591 2042 1661 2097 22,
1706 2041 1823 2087 1874
1863 2055 1911 2097 p.
1954 2041 2059 2095 509)
2094 2044 2202 2084 ante

426 2121 615 2172 portam
667 2120 712 2160 et
762 2117 929 2161 domus
979 2121 1027 2160 et
1075 2116 1210 2160 aulae
1261 2145 1317 2150 —
1366 2119 1557 2171 μεγάρου
1606 2120 1655 2159 et
1702 2117 1836 2170 αὐλῆς
1883 2142 1940 2150 --
1982 2111 2203 2171 'porticus

430 2205 573 2247 supra
607 2190 893 2247 descriptas,
928 2205 984 2235 ex
1019 2190 1189 2248 quibus
1225 2194 1422 2248 „portae
1464 2189 1775 2244 aedificiun1“‚
1818 2193 1872 2233 ut
1919 2189 1987 2233 ita
2035 2189 2203 2244 dicam,

434 2267 511 2309 vel
564 2268 765 2320 πρόθυρα
808 2267 887 2309 vel
935 2267 1170 2320 πρόθυρον,
1220 2270 1373 2310 totum
1423 2265 1572 2321 igitur
1620 2279 1676 2309 ex
1722 2268 1860 2321 parte
1913 2263 2205 2307 nominatum

431 2355 539 2384 esse
604 2340 749 2384 facile
824 2340 1140 2396 intellegitur.
1234 2339 1549 2383 Telemachus
1619 2342 1667 2382 et
1733 2338 2020 2402 Pisistratus
2073 2342 2096 2380 δ
2147 2338 2206 2381 20

427 2429 519 2459 una
583 2430 686 2459 cum
752 2429 887 2459 curru
942 2420 990 2459 et
1042 2415 1176 2472 equis
1230 2418 1273 2458 ἐν
1306 2417 1583 2469 προθὺροισιν
1637 2413 1915 2458 constitisse
1970 2412 2203 2468 dicuntur,

429 2491 478 2535 id
511 2496 586 2534 est
619 2491 665 2534 in
696 2504 849 2547 parvo
884 2491 976 2534 hoc
1020 2489 1255 2546 aedificio,
1291 2489 1422 2533 cuius
1470 2489 1627 2533 medio
1667 2488 1844 2545 parieti
1890 2486 2021 2532 fores
2070 2491 2204 2531 erant

428 2566 667 2622 insertae3
702 2580 729 2607 α
761 2565 847 2610 103
880 2576 984 2621 sqq.
1019 2564 1107 2607 hae
1149 2562 1279 2608 fores
1314 2577 1340 2607 a
1371 2562 1656 2621 porticibus,
1688 2565 1818 2617 θυραι
1852 2575 1878 2606 a
1909 2563 2202 2616 προθὺροισιν,

428 2641 569 2697 plane
625 2639 997 2695 distinguuntur.
1093 2637 1151 2682 cf.
1205 2638 1333 2685 Iwan
1387 2637 1597 2693 Mueller,
1652 2635 1964 2681 Griechische
2016 2635 2204 2680 Privat-

431 2715 722 2770 altertiimer,
746 2713 974 2758 Miinchen
1009 2714 1123 2758 1893
1144 2727 1189 2769 p.
1213 2714 1267 2756 21
1294 2725 1413 2770 sqq„
1455 2711 1635 2767 Noack,
1659 2710 1969 2756 Homerische
1992 2710 2203 2766 Palaste,

429 2789 628 2846 Leipzig
671 2790 787 2833 1903
832 2787 938 2831 adn.
983 2790 1038 2834 57
1089 2787 1149 2831 ad
1191 2801 1236 2843 p.
1271 2789 1342 2843 53,
1390 2800 1434 2842 p.
1469 2787 1539 2842 69,
1598 2785 2202 2842 Doerpfeld-Schliemann,

430 2863 617 2921 TirynS,
650 2863 850 2919 Leipzig
883 2864 997 2908 1886
1028 2875 1075 2918 p.
1108 2862 1209 2917 225,
1242 2862 1342 2917 227,
1384 2861 1584 2905 Pernice
1634 2860 1758 2916 apud
1792 2858 2203 2914 Gercke—Norden,

430 2939 707 2993 Einleitung
730 2938 776 2981 in
802 2937 877 2981 die
903 2934 1511 2981 Altertumswissenschaft
1532 2935 1592 2991 11,
1616 2935 1776 2978 Berlin
1811 2936 1927 2981 1912
1946 2948 1993 2991 p.
2018 2936 2074 2980 19
2097 2947 2201 2992 sqq.

430 3011 770 3069 Doerpfeldius
803 3013 953 3056 solam
988 3012 1109 3055 hanc
1143 3012 1280 3054 aulae
1322 3014 1510 3067 portam
1551 3010 1599 3063 (1.
1632 3025 1668 3053 s,
1703 3024 1739 3053 S.
1771 3023 1817 3066 p.
1850 3009 1951 3064 225,
1984 3009 2084 3064 227,
2117 3008 2204 3054 236

432 3100 551 3144 sqq„
584 3087 704 3142 ⁴254),
741 3087 885 3130 ceteri
934 3086 1150 3143 plerique
1184 3085 1277 3129 viri
1327 3084 1460 3128 docti
1506 3089 1554 3128 et
1585 3083 1708 3128 hanc
1742 3088 1791 3128 et
1820 3084 2058 3141 porticum
2093 3087 2202 3127 ante

433 3166 621 3216 με’γαρον
676 3162 952 3219 plerumque
1009 3163 1199 3203 αἴθουσα
1245 3161 1324 3204 vel
1373 3163 1592 3214 πρόδομος
1641 3159 1934 3216 appellatam
1980 3160 2200 3213 πρόθυρον

433 3234 610 3280 dicunt.

610 3311 741 3354 Hane
807 3314 965 3354 antem
1027 3311 1213 3354 aedium
1268 3309 1656 3353 exstruendarmn
1708 3308 1942 3352 rationem
1991 3308 2202 3352 (iraecos

430 3397 579 3441 usque
614 3384 674 3427 ad
707 3388 885 3430 sextum
922 3388 970 3428 et
1003 3385 1213 3440 quintum
1249 3398 1291 3428 a.
1319 3384 1424 3428 (¹hr.
1447 3397 1492 3429 n.
1516 3384 1755 3427 saeculum
1784 3383 1863 3426 vix
1885 3386 2202 3440 permutatam

431 3458 685 3503 retinuisse
720 3472 941 3503 vasorum
990 3459 1191 3516 picturis
1240 3472 1360 3517 quae
1409 3461 1616 3502 aetatem
1666 3459 1875 3502 tulerunt
1922 3456 2202 3502 examinatis
