2274 4036
778 241 1138 307 .—77—

98 421 442 491 Sophocleae
489 437 595 473 non
644 419 914 486 delectare
964 418 1220 487 potuisse,
1282 433 1398 470 cum
1448 417 1568 469 furti
1607 434 1746 486 reus,
1809 417 1875 469 ab

88 510 357 579 -Apolline
384 509 454 562 ad
480 509 712 562 tribunal
746 509 936 562 citatus
965 508 1245 560 dormitum
1273 524 1331 560 se
1361 507 1643 576 conferret,
1683 508 1877 561 velutsi

103 599 235 652 nihil
261 586 528 667 antiquius
568 598 806 667 haberet,
849 615 1007 666 quam
1034 603 1090 650 ut
1127 598 1488 665 requiesceret
1515 603 1567 649 et
1594 614 1661 650 ex
1691 597 1876 650 labore

103 688 317 742 furandi
371 694 423 741 et
477 688 679 740 cithara
733 687 963 740 canendi
1017 703 1202 740 somno
1260 703 1320 740 se
1372 686 1630 739 reficeret.
1709 686 1878 738 Poeta

100 778 333 846 tragicus
371 777 608 846 lepidam
637 777 861 845 gratiam
890 782 941 829 et
967 780 1302 830 venustatem
1341 775 1659 828 narrationis
1689 775 1876 843 epicae

103 868 147 920 si
186 884 291 920 uon
331 883 562 935 servare,
606 871 660 918 at
699 871 840 919 certe
881 865 982 919 hoc
1022 866 1239 919 fratrum
1279 866 1603 933 colloquium
1643 865 1717 917 ita
1757 881 1875 916 con-

101 961 307 1010 vertere
349 962 401 1009 et
448 960 749 1025 permutare
788 956 974 1024 potuit,
1033 960 1091 1007 ut
1130 955 1198 1007 ad
1247 954 1486 1007 fabulam
1543 954 1873 1023 aptissimum

101 1050 245 1099 esset
282 1045 584 1114 satyricam.
643 1043 907 1107 Quantum
949 1044 1163 1112 quidem
1204 1061 1269 1096 ex
1298 1043 1534 1097 Pollucis
1574 1043 1874 1110 fragmento

95 1135 315 1188 Roberti
363 1134 663 1187 coniectura
708 1134 936 1201 probata
977 1133 1122 1186 effici
1161 1137 1355 1202 potest,
1413 1133 1547 1185 alter
1599 1168 1672 1173 -—
1729 1148 1873 1200 cory-

91 1222 305 1293 phaeus
345 1222 574 1276 fortasse
602 1258 675 1264 —
708 1223 876 1291 alteri,
917 1222 972 1275 id
1013 1228 1094 1275 est
1131 1223 1369 1292 Apollini
1408 1222 1592 1289 suasit,
1633 1227 1689 1273 ut
1726 1221 1875 1288 ligna

93 1311 342 1381 ‚spondae
379 1312 770 1381 perterebraret
810 1328 891 1380 eo,
931 1312 983 1364 ni
1027 1311 1202 1380 fallor,
1252 1311 1491 1380 consili0,
1546 1316 1600 1363 ut
1638 1309 1720 1362 his
1759 1326 1873 1377 per-

99 1400 280 1473 fractis
335 1401 582 1468 lectoque
642 1406 916 1454 corruente
955 1401 1260 1470 MercuriuS,
1314 1401 1403 1468 qui
1442 1401 1495 1452 in
1547 1416 1610 1452 eo
1657 1399 1871 1467 iaceret,

99 1490 152 1543 vi
193 1489 552 1543 acviolentia
592 1506 806 1558 surgere
859 1494 1152 1557 cogeretur.
1234 1490 1291 1543 Si
1331 1490 1449 1556 quis
1499 1488 1627 1540 mihi
1678 1489 1875 1541 obiciat

99 1596 166 1632 ex
203 1595 310 1632 uno
350 1578 451 1632 hoc
490 1595 648 1632 versu
707 1583 967 1648 corrupte,
1029 1595 1186 1646 quem
1225 1584 1394 1631 utrum
1454 1578 1693 1632 diverbio
1735 1579 1873 1631 attri-

98 1669 324 1722 buamus
365 1686 434 1721 an
475 1669 681 1721 cantico
721 1685 819 1722 nos
851 1685 919 1721 ne
960 1668 1094 1721 scire
1136 1667 1367 1737 quidem,
1411 1673 1463 1720 et
1501 1668 1780 1721 verborum
1823 1674 1874 1720 et

98 1758 479 1811 sententiarum
534 1774 741 1810 conexu
794 1758 1002 1810 turbato
1042 1757 1172 1810 certi
1222 1758 1504 1825 quicquam
1546 1757 1612 1810 de
1664 1758 1872 1811 actione

98 1847 365 1916 scaenica,
425 1846 493 1899 de
551 1847 797 1915 personis
852 1846 1278 1914 colloquentibus
1337 1846 1477 1899 effici
1527 1865 1632 1900 non
1691 1863 1870 1916 posse,

96 1936 198 1990 hoc
237 1935 451 2004 quidem
493 1936 570 1988 illi
619 1935 875 2004 concede,
932 1934 1030 1989 sed
1068 1940 1248 1988 tamen
1290 1935 1356 1988 de
1396 1936 1556 2004 lignis
1606 1936 1747 2004 lecti,
1802 1936 1870 1989 de

95 2025 235 2078 lecto
263 2025 420 2092 igitur
444 2025 563 2093 ipso
592 2040 892 2077 sermonem
920 2023 1087 2077 fuisse
1112 2024 1405 2077 tenendum
1433 2042 1554 2078 esse
1580 2026 1871 2090 contendo;

93 2132 201 2168 non
242 2115 383 2167 enim
425 2118 520 2184 est,
562 2113 706 2180 quod
731 2113 968 2166 Pollucis
1007 2114 1242 2182 glos-sam
1284 2131 1316 2166 a
1355 2114 1541 2167 fabula
1568 2115 1872 2184 Sophoclea

95 2203 477 2258 abiudicemus.
537 2202 761 2272 Cyllene
803 2209 996 2273 autem,
1037 2203 1280 2256 Mercurii
1320 2204 1473 2271 quasi
1511 2205 1728 2274 vicaria,
1770 2205 1871 2258 hac

94 2294 148 2346 in
187 2310 244 2347 re
283 2294 338 2346 in
394 2309 610 2346 censum
656 2309 764 2345 non
811 2293 973 2362 venit,
1035 2292 1163 2360 quid
1210 2292 1278 2346 de
1317 2294 1492 2346 Maiae
1547 2293 1686 2347 lecto
1740 2294 1869 2347 iudi-

97 2383 324 2436 candum
363 2388 526 2452 esset,
578 2399 740 2451 supra
777 2382 1031 2450 vidimus3
1086 2387 1254 2436 restat
1292 2399 1357 2435 ex
1397 2383 1479 2452 iis,
1536 2385 1623 2452 qui
1664 2390 1869 2438 antrum

93 2473 347 2540 incolunt,
402 2489 537 2525 unus
577 2472 866 2525 Mercurius
910 2472 1044 2540 ipse.
1123 2472 1508 2540 Jndagatorum
1567 2474 1724 2542 igitur
1770 2474 1869 2527 hoc

95 2562 446 2630 fragmentum
525 2562 767 2629 quamvis
827 2560 1182 2615 deformatum
1238 2562 1361 2615 ideo
1421 2562 1640 2615 multum
1706 2563 1867 2632 valet,

96 2651 237 2719 quod
263 2650 424 2704 fidem
451 2652 607 2705 nobis
648 2651 776 2704 facit
803 2651 1126 2721 Sophoclem
1165 2651 1346 2721 hymni
1384 2658 1600 2722 poetam
1629 2658 1868 2706 secutum

94 2740 398 2810 Apollinem
426 2741 638 2795 fratrem
682 2741 1087 2795 convenientem
1115 2741 1310 2795 fecisse
1337 2742 1391 2794 in
1418 2742 1557 2796 lecto
1584 2743 1864 2796 iacentem.

142 2964 243 3016 De
283 2963 713 3032 Sophoclis
754 2963 1079 3017 fabulae
1119 2965 1350 3019 rebus
1391 2967 1817 3020 scaenicis.

272 3095 421 3159 Quae
474 3113 591 3149 cum
637 3097 711 3150 ita
762 3098 881 3166 sint,
942 3098 1054 3150 veri
1104 3097 1230 3150 mihi
1285 3098 1487 3152 videtur
1542 3099 1863 3153 simillimum

94 3185 415 3254 Sophoclem
442 3187 699 3239 Mercurio
730 3204 795 3239 ea
823 3186 890 3239 de
924 3203 1089 3239 causa
1127 3187 1322 3241 lectum
1363 3188 1681 3259 attribuisse,
1724 3190 1866 3257 quod

93 3273 339 3327 iuvenem
395 3291 581 3328 somno
625 3275 885 3350 finctum,
939 3276 1025 3328 vel
1065 3276 1240 3344 potius
1291 3294 1477 3331 somno
1519 3294 1576 3331 se
1632 3279 1864 3332 vinctum

96 3379 214 3415 esse
292 3349 629 3417 simulantem
695 3370 818 3417 ante
890 3370 1246 3432 spectatorum
1310 3366 1495 3420 oculos
1570 3367 1863 3436 producere
