<?xml version="1.0" encoding="UTF-8"?>
<!DOCTYPE html PUBLIC "-//W3C//DTD XHTML 1.0 Transitional//EN"
    "http://www.w3.org/TR/xhtml1/DTD/xhtml1-transitional.dtd">
<html xmlns="http://www.w3.org/1999/xhtml" xml:lang="en" lang="en">
 <head>
  <title>
</title>
<meta http-equiv="Content-Type" content="text/html;charset=utf-8" />
  <meta name='ocr-system' content='tesseract 3.04.00' />
  <meta name='ocr-capabilities' content='ocr_page ocr_carea ocr_par ocr_line ocrx_word'/>
</head>
<body>
  <div class='ocr_page' id='page_1' title='image "./quaeratiointerce00koetuoft_0033.png"; bbox 0 0 2274 4036; ppageno 0'>
   <div class='ocr_carea' id='block_1_1' title="bbox 848 344 1140 411">
    <p class='ocr_par' dir='ltr' id='par_1_1' title="bbox 848 344 1140 411">
     <span class='ocr_line' id='line_1_1' title="bbox 848 344 1140 411; baseline -0.007 -11"><span class='ocrx_word' id='word_1_1' title='bbox 848 344 1140 411; x_wconf 68' lang='lat'>-2&#39;3-</span> 
     </span>
    </p>
   </div>
   <div class='ocr_carea' id='block_1_2' title="bbox 93 532 1872 2211">
    <p class='ocr_par' dir='ltr' id='par_1_2' title="bbox 93 532 1872 1748">
     <span class='ocr_line' id='line_1_2' title="bbox 95 532 1869 605; baseline 0.002 -18"><span class='ocrx_word' id='word_1_2' title='bbox 95 532 362 587; x_wconf 89' lang='lat' dir='ltr'>Bacchum</span> <span class='ocrx_word' id='word_1_3' title='bbox 402 534 728 601; x_wconf 83' lang='lat' dir='ltr'>invocabant</span> <span class='ocrx_word' id='word_1_4' title='bbox 765 553 874 588; x_wconf 88' lang='lat' dir='ltr'>una</span> <span class='ocrx_word' id='word_1_5' title='bbox 912 553 1028 589; x_wconf 90' lang='lat' dir='ltr'>cum</span> <span class='ocrx_word' id='word_1_6' title='bbox 1059 535 1270 605; x_wconf 77' lang='lat' dir='ltr'>GratiiS,</span> <span class='ocrx_word' id='word_1_7' title='bbox 1314 537 1399 603; x_wconf 89' lang='lat' dir='ltr'>qui</span> <span class='ocrx_word' id='word_1_8' title='bbox 1443 536 1493 588; x_wconf 83' lang='lat' dir='ltr'>di</span> <span class='ocrx_word' id='word_1_9' title='bbox 1538 541 1869 590; x_wconf 84' lang='lat' dir='ltr'>communem</span> 
     </span>
     <span class='ocr_line' id='line_1_3' title="bbox 94 623 1870 693; baseline 0.002 -18"><span class='ocrx_word' id='word_1_10' title='bbox 94 623 367 676; x_wconf 87' lang='lat' dir='ltr'>habebant</span> <span class='ocrx_word' id='word_1_11' title='bbox 395 640 540 675; x_wconf 85' lang='lat' dir='ltr'>aram</span> <span class='ocrx_word' id='word_1_12' title='bbox 569 625 619 676; x_wconf 92' lang='lat' dir='ltr'>in</span> <span class='ocrx_word' id='word_1_13' title='bbox 652 625 807 678; x_wconf 83' lang='lat' dir='ltr'>Elide</span> <span class='ocrx_word' id='word_1_14' title='bbox 834 630 988 678; x_wconf 90' lang='lat' dir='ltr'>terra.</span> <span class='ocrx_word' id='word_1_15' title='bbox 1050 626 1217 678; x_wconf 92' lang='lat' dir='ltr'>Immo</span> <span class='ocrx_word' id='word_1_16' title='bbox 1240 642 1366 678; x_wconf 86' lang='lat' dir='ltr'>vero</span> <span class='ocrx_word' id='word_1_17' title='bbox 1388 625 1571 677; x_wconf 89' lang='lat' dir='ltr'>harum</span> <span class='ocrx_word' id='word_1_18' title='bbox 1595 627 1870 693; x_wconf 85' lang='lat' dir='ltr'>regionum</span> 
     </span>
     <span class='ocr_line' id='line_1_4' title="bbox 94 713 1871 783; baseline 0.001 -18"><span class='ocrx_word' id='word_1_19' title='bbox 94 713 300 766; x_wconf 86' lang='lat' dir='ltr'>incolas</span> <span class='ocrx_word' id='word_1_20' title='bbox 328 713 571 782; x_wconf 83' lang='lat' dir='ltr'>Saturno,</span> <span class='ocrx_word' id='word_1_21' title='bbox 604 714 800 783; x_wconf 85' lang='lat' dir='ltr'>Rheae,</span> <span class='ocrx_word' id='word_1_22' title='bbox 829 714 1044 767; x_wconf 91' lang='lat' dir='ltr'>Baccho</span> <span class='ocrx_word' id='word_1_23' title='bbox 1072 715 1159 766; x_wconf 86' lang='lat' dir='ltr'>vel</span> <span class='ocrx_word' id='word_1_24' title='bbox 1186 715 1371 782; x_wconf 79' lang='lat' dir='ltr'>primis</span> <span class='ocrx_word' id='word_1_25' title='bbox 1401 715 1487 767; x_wconf 89' lang='lat' dir='ltr'>vel</span> <span class='ocrx_word' id='word_1_26' title='bbox 1513 715 1647 767; x_wconf 88' lang='lat' dir='ltr'>inter</span> <span class='ocrx_word' id='word_1_27' title='bbox 1674 716 1871 783; x_wconf 89' lang='lat' dir='ltr'>primos</span> 
     </span>
     <span class='ocr_line' id='line_1_5' title="bbox 97 802 1869 875; baseline 0.002 -21"><span class='ocrx_word' id='word_1_28' title='bbox 97 807 149 854; x_wconf 87' lang='lat' dir='ltr'>et</span> <span class='ocrx_word' id='word_1_29' title='bbox 173 802 225 854; x_wconf 90' lang='lat' dir='ltr'>in</span> <span class='ocrx_word' id='word_1_30' title='bbox 255 807 308 855; x_wconf 90' lang='lat' dir='ltr'>et</span> <span class='ocrx_word' id='word_1_31' title='bbox 334 802 430 855; x_wconf 90' lang='lat' dir='ltr'>sub</span> <span class='ocrx_word' id='word_1_32' title='bbox 461 819 524 864; x_wconf 90' lang='lat' dir='ltr'>eo</span> <span class='ocrx_word' id='word_1_33' title='bbox 553 809 748 871; x_wconf 91' lang='lat' dir='ltr'>monte,</span> <span class='ocrx_word' id='word_1_34' title='bbox 780 804 868 870; x_wconf 87' lang='lat' dir='ltr'>qui</span> <span class='ocrx_word' id='word_1_35' title='bbox 910 820 975 855; x_wconf 84' lang='lat' dir='ltr'>ex</span> <span class='ocrx_word' id='word_1_36' title='bbox 1015 803 1108 856; x_wconf 91' lang='lat' dir='ltr'>illo</span> <span class='ocrx_word' id='word_1_37' title='bbox 1137 806 1355 875; x_wconf 75' lang='grc' dir='ltr'>Κρόνιος</span> <span class='ocrx_word' id='word_1_38' title='bbox 1397 805 1699 856; x_wconf 87' lang='lat' dir='ltr'>nominatus</span> <span class='ocrx_word' id='word_1_39' title='bbox 1741 811 1869 873; x_wconf 86' lang='lat' dir='ltr'>erat,</span> 
     </span>
     <span class='ocr_line' id='line_1_6' title="bbox 96 892 1870 962; baseline 0.002 -19"><span class='ocrx_word' id='word_1_40' title='bbox 96 892 292 944; x_wconf 88' lang='lat' dir='ltr'>cultum</span> <span class='ocrx_word' id='word_1_41' title='bbox 329 892 576 945; x_wconf 82' lang='lat' dir='ltr'>tribuisse</span> <span class='ocrx_word' id='word_1_42' title='bbox 618 899 669 945; x_wconf 90' lang='lat' dir='ltr'>et</span> <span class='ocrx_word' id='word_1_43' title='bbox 708 893 1106 946; x_wconf 87' lang='lat' dir='ltr'>venerationem</span> <span class='ocrx_word' id='word_1_44' title='bbox 1150 899 1238 944; x_wconf 89' lang='lat' dir='ltr'>aut</span> <span class='ocrx_word' id='word_1_45' title='bbox 1279 910 1344 945; x_wconf 77' lang='lat' dir='ltr'>ex</span> <span class='ocrx_word' id='word_1_46' title='bbox 1386 893 1620 946; x_wconf 87' lang='lat' dir='ltr'>donariis</span> <span class='ocrx_word' id='word_1_47' title='bbox 1647 895 1870 962; x_wconf 78' lang='lat' dir='ltr'>repertis</span> 
     </span>
     <span class='ocr_line' id='line_1_7' title="bbox 97 981 1870 1051; baseline 0.002 -19"><span class='ocrx_word' id='word_1_48' title='bbox 97 986 187 1033; x_wconf 87' lang='lat' dir='ltr'>aut</span> <span class='ocrx_word' id='word_1_49' title='bbox 225 997 292 1033; x_wconf 82' lang='lat' dir='ltr'>ex</span> <span class='ocrx_word' id='word_1_50' title='bbox 333 981 522 1048; x_wconf 80' lang='lat' dir='ltr'><strong>priscis</strong></span> <span class='ocrx_word' id='word_1_51' title='bbox 562 981 749 1034; x_wconf 83' lang='lat' dir='ltr'>ritibus</span> <span class='ocrx_word' id='word_1_52' title='bbox 779 988 831 1034; x_wconf 90' lang='lat' dir='ltr'>et</span> <span class='ocrx_word' id='word_1_53' title='bbox 859 982 1193 1035; x_wconf 82' lang='lat' dir='ltr'>caerimoniis</span> <span class='ocrx_word' id='word_1_54' title='bbox 1223 998 1254 1033; x_wconf 89' lang='lat' dir='ltr'>a</span> <span class='ocrx_word' id='word_1_55' title='bbox 1281 983 1591 1050; x_wconf 81' lang='lat' dir='ltr'>posteritate</span> <span class='ocrx_word' id='word_1_56' title='bbox 1619 984 1870 1051; x_wconf 83' lang='lat' dir='ltr'>religiose</span> 
     </span>
     <span class='ocr_line' id='line_1_8' title="bbox 96 1069 1870 1139; baseline 0.002 -17"><span class='ocrx_word' id='word_1_57' title='bbox 96 1069 394 1123; x_wconf 83' lang='lat' dir='ltr'>observatis</span> <span class='ocrx_word' id='word_1_58' title='bbox 416 1070 516 1123; x_wconf 87' lang='lat' dir='ltr'>viri</span> <span class='ocrx_word' id='word_1_59' title='bbox 538 1070 680 1123; x_wconf 88' lang='lat' dir='ltr'>docti</span> <span class='ocrx_word' id='word_1_60' title='bbox 707 1071 812 1123; x_wconf 87' lang='lat' dir='ltr'>iam</span> <span class='ocrx_word' id='word_1_61' title='bbox 855 1071 1051 1124; x_wconf 89' lang='lat' dir='ltr'>dudum</span> <span class='ocrx_word' id='word_1_62' title='bbox 1081 1071 1551 1139; x_wconf 76' lang='lat' dir='ltr'>intellexe1·unt4⁵).</span> <span class='ocrx_word' id='word_1_63' title='bbox 1610 1073 1694 1125; x_wconf 87' lang='lat' dir='ltr'>Ad</span> <span class='ocrx_word' id='word_1_64' title='bbox 1736 1074 1870 1126; x_wconf 86' lang='lat' dir='ltr'>alias</span> 
     </span>
     <span class='ocr_line' id='line_1_9' title="bbox 93 1159 1872 1229; baseline 0.001 -18"><span class='ocrx_word' id='word_1_65' title='bbox 93 1159 251 1227; x_wconf 86' lang='lat' dir='ltr'>igitur</span> <span class='ocrx_word' id='word_1_66' title='bbox 275 1159 434 1212; x_wconf 86' lang='lat' dir='ltr'>urbes</span> <span class='ocrx_word' id='word_1_67' title='bbox 464 1165 515 1212; x_wconf 90' lang='lat' dir='ltr'>et</span> <span class='ocrx_word' id='word_1_68' title='bbox 542 1166 729 1227; x_wconf 85' lang='lat' dir='ltr'>gentes</span> <span class='ocrx_word' id='word_1_69' title='bbox 759 1160 811 1212; x_wconf 92' lang='lat' dir='ltr'>di</span> <span class='ocrx_word' id='word_1_70' title='bbox 841 1167 1124 1213; x_wconf 75' lang='lat' dir='ltr'>consentes</span> <span class='ocrx_word' id='word_1_71' title='bbox 1154 1159 1420 1229; x_wconf 83' lang='lat' dir='ltr'>Olympici</span> <span class='ocrx_word' id='word_1_72' title='bbox 1447 1160 1569 1214; x_wconf 89' lang='lat' dir='ltr'>ideo</span> <span class='ocrx_word' id='word_1_73' title='bbox 1596 1162 1872 1215; x_wconf 71' lang='lat' dir='ltr'>transferri</span> 
     </span>
     <span class='ocr_line' id='line_1_10' title="bbox 93 1249 1870 1318; baseline 0.002 -18"><span class='ocrx_word' id='word_1_74' title='bbox 93 1265 199 1301; x_wconf 90' lang='lat' dir='ltr'>non</span> <span class='ocrx_word' id='word_1_75' title='bbox 227 1254 524 1318; x_wconf 87' lang='lat' dir='ltr'>potuerunt,</span> <span class='ocrx_word' id='word_1_76' title='bbox 568 1249 709 1316; x_wconf 89' lang='lat' dir='ltr'>quod</span> <span class='ocrx_word' id='word_1_77' title='bbox 751 1250 912 1302; x_wconf 90' lang='lat' dir='ltr'>artius</span> <span class='ocrx_word' id='word_1_78' title='bbox 955 1267 1117 1317; x_wconf 87' lang='lat' dir='ltr'>quam</span> <span class='ocrx_word' id='word_1_79' title='bbox 1162 1250 1322 1302; x_wconf 85' lang='lat' dir='ltr'>Attici</span> <span class='ocrx_word' id='word_1_80' title='bbox 1366 1267 1481 1302; x_wconf 90' lang='lat' dir='ltr'>cum</span> <span class='ocrx_word' id='word_1_81' title='bbox 1523 1251 1870 1318; x_wconf 78' lang='lat' dir='ltr'>religionibus</span> 
     </span>
     <span class='ocr_line' id='line_1_11' title="bbox 96 1338 1868 1408; baseline 0.002 -19"><span class='ocrx_word' id='word_1_82' title='bbox 96 1338 359 1390; x_wconf 89' lang='lat' dir='ltr'>coniuncti</span> <span class='ocrx_word' id='word_1_83' title='bbox 417 1343 567 1390; x_wconf 89' lang='lat' dir='ltr'>erant</span> <span class='ocrx_word' id='word_1_84' title='bbox 626 1344 676 1390; x_wconf 90' lang='lat' dir='ltr'>et</span> <span class='ocrx_word' id='word_1_85' title='bbox 733 1339 929 1407; x_wconf 86' lang='lat' dir='ltr'>mythis</span> <span class='ocrx_word' id='word_1_86' title='bbox 988 1346 1159 1391; x_wconf 88' lang='lat' dir='ltr'>terrae</span> <span class='ocrx_word' id='word_1_87' title='bbox 1217 1339 1316 1391; x_wconf 89' lang='lat' dir='ltr'>sibi</span> <span class='ocrx_word' id='word_1_88' title='bbox 1379 1356 1566 1391; x_wconf 84' lang='lat' dir='ltr'>sacrae</span> <span class='ocrx_word' id='word_1_89' title='bbox 1627 1340 1868 1408; x_wconf 91' lang='lat' dir='ltr'>propriis.</span> 
     </span>
     <span class='ocr_line' id='line_1_12' title="bbox 96 1426 1869 1496; baseline 0.001 -17"><span class='ocrx_word' id='word_1_90' title='bbox 96 1426 264 1490; x_wconf 83' lang='lat' dir='ltr'>Quam</span> <span class='ocrx_word' id='word_1_91' title='bbox 315 1427 615 1494; x_wconf 87' lang='lat' dir='ltr'>relinquere</span> <span class='ocrx_word' id='word_1_92' title='bbox 669 1427 734 1480; x_wconf 86' lang='lat' dir='ltr'>iis</span> <span class='ocrx_word' id='word_1_93' title='bbox 773 1445 880 1481; x_wconf 89' lang='lat' dir='ltr'>non</span> <span class='ocrx_word' id='word_1_94' title='bbox 922 1445 1056 1496; x_wconf 91' lang='lat' dir='ltr'>opus</span> <span class='ocrx_word' id='word_1_95' title='bbox 1099 1433 1226 1496; x_wconf 88' lang='lat' dir='ltr'>erat,</span> <span class='ocrx_word' id='word_1_96' title='bbox 1268 1446 1391 1480; x_wconf 87' lang='lat' dir='ltr'>nam</span> <span class='ocrx_word' id='word_1_97' title='bbox 1434 1429 1615 1494; x_wconf 88' lang='lat' dir='ltr'>quinto</span> <span class='ocrx_word' id='word_1_98' title='bbox 1658 1446 1869 1495; x_wconf 86' lang='lat' dir='ltr'>quoque</span> 
     </span>
     <span class='ocr_line' id='line_1_13' title="bbox 96 1516 1870 1585; baseline 0.001 -18"><span class='ocrx_word' id='word_1_99' title='bbox 96 1516 235 1569; x_wconf 87' lang='lat' dir='ltr'>an&#39;no</span> <span class='ocrx_word' id='word_1_100' title='bbox 290 1533 357 1568; x_wconf 81' lang='lat' dir='ltr'>ex</span> <span class='ocrx_word' id='word_1_101' title='bbox 408 1517 652 1569; x_wconf 88' lang='lat' dir='ltr'>omnibus</span> <span class='ocrx_word' id='word_1_102' title='bbox 695 1517 955 1570; x_wconf 75' lang='lat' dir='ltr'>Graeciae</span> <span class='ocrx_word' id='word_1_103' title='bbox 996 1518 1236 1585; x_wconf 90' lang='lat' dir='ltr'>partibus</span> <span class='ocrx_word' id='word_1_104' title='bbox 1279 1517 1546 1569; x_wconf 88' lang='lat' dir='ltr'>hominum</span> <span class='ocrx_word' id='word_1_105' title='bbox 1588 1518 1870 1570; x_wconf 85' lang='lat' dir='ltr'>multitudo</span> 
     </span>
     <span class='ocr_line' id='line_1_14' title="bbox 94 1603 1872 1673; baseline 0.002 -17"><span class='ocrx_word' id='word_1_106' title='bbox 94 1603 494 1658; x_wconf 84' lang='lat' dir='ltr'>innumerabilis</span> <span class='ocrx_word' id='word_1_107' title='bbox 551 1605 622 1658; x_wconf 87' lang='lat' dir='ltr'>ad</span> <span class='ocrx_word' id='word_1_108' title='bbox 677 1623 773 1659; x_wconf 82' lang='lat' dir='ltr'>sex</span> <span class='ocrx_word' id='word_1_109' title='bbox 826 1605 924 1658; x_wconf 88' lang='lat' dir='ltr'>has</span> <span class='ocrx_word' id='word_1_110' title='bbox 977 1623 1097 1658; x_wconf 87' lang='lat' dir='ltr'>aras</span> <span class='ocrx_word' id='word_1_111' title='bbox 1138 1607 1380 1673; x_wconf 87' lang='lat' dir='ltr'>geminas</span> <span class='ocrx_word' id='word_1_112' title='bbox 1423 1607 1779 1660; x_wconf 84' lang='lat' dir='ltr'>conveniebat</span> <span class='ocrx_word' id='word_1_113' title='bbox 1820 1612 1872 1659; x_wconf 86' lang='lat' dir='ltr'>et</span> 
     </span>
     <span class='ocr_line' id='line_1_15' title="bbox 93 1692 1061 1748; baseline 0.001 -2"><span class='ocrx_word' id='word_1_114' title='bbox 93 1692 260 1746; x_wconf 84' lang='lat' dir='ltr'>festos</span> <span class='ocrx_word' id='word_1_115' title='bbox 300 1693 416 1747; x_wconf 87' lang='lat' dir='ltr'>dies</span> <span class='ocrx_word' id='word_1_116' title='bbox 456 1694 696 1748; x_wconf 90' lang='lat' dir='ltr'>ludorum</span> <span class='ocrx_word' id='word_1_117' title='bbox 739 1695 1061 1748; x_wconf 87' lang='lat' dir='ltr'>celebrabat.</span> 
     </span>
    </p>

    <p class='ocr_par' dir='ltr' id='par_1_3' title="bbox 95 1782 1870 2211">
     <span class='ocr_line' id='line_1_16' title="bbox 271 1782 1870 1854; baseline 0.001 -18"><span class='ocrx_word' id='word_1_118' title='bbox 271 1782 335 1835; x_wconf 84' lang='lat' dir='ltr'>Id</span> <span class='ocrx_word' id='word_1_119' title='bbox 360 1783 535 1852; x_wconf 92' lang='lat' dir='ltr'>ipsum</span> <span class='ocrx_word' id='word_1_120' title='bbox 564 1790 757 1854; x_wconf 87' lang='lat' dir='ltr'>autem,</span> <span class='ocrx_word' id='word_1_121' title='bbox 789 1784 931 1851; x_wconf 88' lang='lat' dir='ltr'>quod</span> <span class='ocrx_word' id='word_1_122' title='bbox 960 1801 1136 1837; x_wconf 88' lang='lat' dir='ltr'>eorum</span> <span class='ocrx_word' id='word_1_123' title='bbox 1169 1785 1338 1837; x_wconf 88' lang='lat' dir='ltr'>cultus</span> <span class='ocrx_word' id='word_1_124' title='bbox 1366 1786 1419 1837; x_wconf 90' lang='lat' dir='ltr'>in</span> <span class='ocrx_word' id='word_1_125' title='bbox 1449 1785 1564 1837; x_wconf 91' lang='lat' dir='ltr'>solo</span> <span class='ocrx_word' id='word_1_126' title='bbox 1588 1785 1870 1853; x_wconf 87' lang='lat' dir='ltr'>Olympico</span> 
     </span>
     <span class='ocr_line' id='line_1_17' title="bbox 95 1872 1869 1944; baseline 0.001 -20"><span class='ocrx_word' id='word_1_127' title='bbox 95 1872 249 1939; x_wconf 86' lang='lat' dir='ltr'>quasi</span> <span class='ocrx_word' id='word_1_128' title='bbox 287 1872 712 1943; x_wconf 86' lang='lat' dir='ltr'>inhaerescebat,</span> <span class='ocrx_word' id='word_1_129' title='bbox 754 1874 895 1926; x_wconf 88' lang='lat' dir='ltr'>illius</span> <span class='ocrx_word' id='word_1_130' title='bbox 937 1880 1258 1927; x_wconf 87' lang='lat' dir='ltr'>vetustatem</span> <span class='ocrx_word' id='word_1_131' title='bbox 1298 1880 1536 1944; x_wconf 80' lang='lat' dir='ltr'>testatur,</span> <span class='ocrx_word' id='word_1_132' title='bbox 1568 1891 1723 1942; x_wconf 89' lang='lat' dir='ltr'>quem</span> <span class='ocrx_word' id='word_1_133' title='bbox 1767 1891 1869 1941; x_wconf 88' lang='lat' dir='ltr'>quo</span> 
     </span>
     <span class='ocr_line' id='line_1_18' title="bbox 96 1961 1870 2033; baseline 0.001 -20"><span class='ocrx_word' id='word_1_134' title='bbox 96 1961 208 2014; x_wconf 91' lang='lat' dir='ltr'>iure</span> <span class='ocrx_word' id='word_1_135' title='bbox 260 1967 383 2031; x_wconf 89' lang='lat' dir='ltr'>post</span> <span class='ocrx_word' id='word_1_136' title='bbox 438 1979 634 2016; x_wconf 91' lang='lat' dir='ltr'>annum</span> <span class='ocrx_word' id='word_1_137' title='bbox 675 1962 871 2016; x_wconf 69' lang='lat' dir='ltr'>osca.</span> <span class='ocrx_word' id='word_1_138' title='bbox 916 1963 1034 2016; x_wconf 85' lang='lat' dir='ltr'>Chr.</span> <span class='ocrx_word' id='word_1_139' title='bbox 1076 1982 1126 2016; x_wconf 94' lang='lat' dir='ltr'>n.</span> <span class='ocrx_word' id='word_1_140' title='bbox 1169 1963 1505 2033; x_wconf 86' lang='lat' dir='ltr'>Wenigerus,</span> <span class='ocrx_word' id='word_1_141' title='bbox 1548 1964 1870 2016; x_wconf 68' lang='lat' dir='ltr'>Peter-senus</span> 
     </span>
     <span class='ocr_line' id='line_1_19' title="bbox 95 2051 1869 2122; baseline 0 -18"><span class='ocrx_word' id='word_1_142' title='bbox 95 2051 238 2105; x_wconf 88' lang='lat' dir='ltr'>dicat</span> <span class='ocrx_word' id='word_1_143' title='bbox 264 2069 328 2106; x_wconf 91' lang='lat' dir='ltr'>eo</span> <span class='ocrx_word' id='word_1_144' title='bbox 351 2052 562 2106; x_wconf 90' lang='lat' dir='ltr'>demum</span> <span class='ocrx_word' id='word_1_145' title='bbox 589 2059 828 2122; x_wconf 90' lang='lat' dir='ltr'>tempore</span> <span class='ocrx_word' id='word_1_146' title='bbox 858 2070 978 2106; x_wconf 89' lang='lat' dir='ltr'>esse</span> <span class='ocrx_word' id='word_1_147' title='bbox 1006 2053 1316 2122; x_wconf 87' lang='lat' dir='ltr'>institutum,</span> <span class='ocrx_word' id='word_1_148' title='bbox 1343 2070 1445 2120; x_wconf 90' lang='lat' dir='ltr'>quo</span> <span class='ocrx_word' id='word_1_149' title='bbox 1468 2053 1696 2105; x_wconf 85' lang='lat' dir='ltr'>Atticum</span> <span class='ocrx_word' id='word_1_150' title='bbox 1729 2052 1869 2120; x_wconf 88' lang='lat' dir='ltr'>quod</span> 
     </span>
     <span class='ocr_line' id='line_1_20' title="bbox 96 2140 1869 2211; baseline -0.001 -17"><span class='ocrx_word' id='word_1_151' title='bbox 96 2140 336 2210; x_wconf 85' lang='lat' dir='ltr'>appellat</span> <span class='ocrx_word' id='word_1_152' title='bbox 374 2148 610 2211; x_wconf 83' lang='lat' dir='ltr'>systema-</span> <span class='ocrx_word' id='word_1_153' title='bbox 637 2143 688 2194; x_wconf 93' lang='lat' dir='ltr'>in</span> <span class='ocrx_word' id='word_1_154' title='bbox 719 2143 1019 2195; x_wconf 89' lang='lat' dir='ltr'>universum</span> <span class='ocrx_word' id='word_1_155' title='bbox 1051 2148 1194 2195; x_wconf 87' lang='lat' dir='ltr'>esset</span> <span class='ocrx_word' id='word_1_156' title='bbox 1219 2148 1487 2211; x_wconf 89' lang='lat' dir='ltr'>receptum</span> <span class='ocrx_word' id='word_1_157' title='bbox 1507 2142 1591 2210; x_wconf 81' lang='lat'>⁴¹⁶),</span> <span class='ocrx_word' id='word_1_158' title='bbox 1623 2142 1869 2208; x_wconf 89' lang='lat' dir='ltr'>equidem</span> 
     </span>
    </p>
   </div>
   <div class='ocr_carea' id='block_1_3' title="bbox 95 2263 448 2270">
    <p class='ocr_par' dir='ltr' id='par_1_4' title="bbox 95 2263 448 2270">
     <span class='ocr_line' id='line_1_21' title="bbox 95 2263 448 2270; baseline 0 1766"><span class='ocrx_word' id='word_1_159' title='bbox 95 2263 448 2270; x_wconf 95' lang='lat' dir='ltr'> </span> 
     </span>
    </p>
   </div>
   <div class='ocr_carea' id='block_1_4' title="bbox 91 2304 1871 3550">
    <p class='ocr_par' dir='ltr' id='par_1_5' title="bbox 91 2304 1871 3032">
     <span class='ocr_line' id='line_1_22' title="bbox 271 2304 1865 2361; baseline -0.001 -12"><span class='ocrx_word' id='word_1_160' title='bbox 271 2304 328 2361; x_wconf 80' lang='lat'>45)</span> <span class='ocrx_word' id='word_1_161' title='bbox 362 2306 432 2349; x_wconf 83' lang='lat' dir='ltr'>Ex</span> <span class='ocrx_word' id='word_1_162' title='bbox 488 2306 628 2350; x_wconf 77' lang='lat' dir='ltr'>Creta</span> <span class='ocrx_word' id='word_1_163' title='bbox 684 2306 839 2350; x_wconf 89' lang='lat' dir='ltr'>insula</span> <span class='ocrx_word' id='word_1_164' title='bbox 888 2305 1092 2361; x_wconf 85' lang='lat' dir='ltr'>Saturni,</span> <span class='ocrx_word' id='word_1_165' title='bbox 1127 2305 1303 2361; x_wconf 80' lang='lat' dir='ltr'>Rheae,</span> <span class='ocrx_word' id='word_1_166' title='bbox 1352 2305 1530 2349; x_wconf 87' lang='lat' dir='ltr'>Bacchi</span> <span class='ocrx_word' id='word_1_167' title='bbox 1584 2305 1865 2361; x_wconf 83' lang='lat' dir='ltr'>religionem</span> 
     </span>
     <span class='ocr_line' id='line_1_23' title="bbox 98 2379 1870 2437; baseline 0 -13"><span class='ocrx_word' id='word_1_168' title='bbox 98 2379 366 2437; x_wconf 86' lang='lat' dir='ltr'>Olympiam</span> <span class='ocrx_word' id='word_1_169' title='bbox 408 2381 686 2424; x_wconf 85' lang='lat' dir='ltr'>translatam</span> <span class='ocrx_word' id='word_1_170' title='bbox 735 2394 840 2424; x_wconf 88' lang='lat' dir='ltr'>esse</span> <span class='ocrx_word' id='word_1_171' title='bbox 876 2380 1066 2423; x_wconf 88' lang='lat' dir='ltr'>Curtius</span> <span class='ocrx_word' id='word_1_172' title='bbox 1112 2385 1278 2424; x_wconf 87' lang='lat' dir='ltr'>censet</span> <span class='ocrx_word' id='word_1_173' title='bbox 1312 2379 1362 2423; x_wconf 91' lang='grc' dir='ltr'>Ο.</span> <span class='ocrx_word' id='word_1_174' title='bbox 1396 2380 1650 2423; x_wconf 82' lang='lat' dir='ltr'>Textband</span> <span class='ocrx_word' id='word_1_175' title='bbox 1683 2380 1701 2422; x_wconf 93' lang='lat'><em>1</em></span> <span class='ocrx_word' id='word_1_176' title='bbox 1735 2394 1779 2435; x_wconf 91' lang='lat' dir='ltr'>p.</span> <span class='ocrx_word' id='word_1_177' title='bbox 1815 2381 1870 2424; x_wconf 84' lang='lat'>16</span> 
     </span>
     <span class='ocr_line' id='line_1_24' title="bbox 95 2454 1871 2512; baseline -0.001 -14"><span class='ocrx_word' id='word_1_178' title='bbox 95 2467 213 2511; x_wconf 66' lang='lat' dir='ltr'>sqq„</span> <span class='ocrx_word' id='word_1_179' title='bbox 247 2468 463 2512; x_wconf 87' lang='lat' dir='ltr'>quocum,</span> <span class='ocrx_word' id='word_1_180' title='bbox 499 2455 627 2512; x_wconf 89' lang='lat' dir='ltr'>quod</span> <span class='ocrx_word' id='word_1_181' title='bbox 680 2455 740 2498; x_wconf 92' lang='lat' dir='ltr'>ad</span> <span class='ocrx_word' id='word_1_182' title='bbox 788 2454 1040 2499; x_wconf 85' lang='lat' dir='ltr'>Saturnum</span> <span class='ocrx_word' id='word_1_183' title='bbox 1087 2458 1135 2498; x_wconf 93' lang='lat' dir='ltr'>et</span> <span class='ocrx_word' id='word_1_184' title='bbox 1176 2454 1357 2497; x_wconf 85' lang='lat' dir='ltr'>Rheam</span> <span class='ocrx_word' id='word_1_185' title='bbox 1409 2454 1596 2509; x_wconf 77' lang='lat' dir='ltr'>attinet,</span> <span class='ocrx_word' id='word_1_186' title='bbox 1631 2454 1871 2497; x_wconf 85' lang='lat' dir='ltr'>consentit</span> 
     </span>
     <span class='ocr_line' id='line_1_25' title="bbox 94 2527 1870 2586; baseline -0.001 -14"><span class='ocrx_word' id='word_1_187' title='bbox 94 2528 467 2586; x_wconf 85' lang='lat' dir='ltr'>Furtwaengler,</span> <span class='ocrx_word' id='word_1_188' title='bbox 499 2529 589 2573; x_wconf 89' lang='lat' dir='ltr'>Die</span> <span class='ocrx_word' id='word_1_189' title='bbox 622 2528 951 2573; x_wconf 85' lang='lat' dir='ltr'>Bronzesunde</span> <span class='ocrx_word' id='word_1_190' title='bbox 986 2543 1082 2572; x_wconf 90' lang='lat' dir='ltr'>von</span> <span class='ocrx_word' id='word_1_191' title='bbox 1116 2527 1336 2585; x_wconf 88' lang='lat' dir='ltr'>Olympia</span> <span class='ocrx_word' id='word_1_192' title='bbox 1369 2527 1425 2571; x_wconf 82' lang='lat' dir='ltr'>A.</span> <span class='ocrx_word' id='word_1_193' title='bbox 1461 2528 1518 2573; x_wconf 88' lang='grc' dir='ltr'>Α.</span> <span class='ocrx_word' id='word_1_194' title='bbox 1550 2529 1623 2572; x_wconf 90' lang='lat' dir='ltr'>W.</span> <span class='ocrx_word' id='word_1_195' title='bbox 1658 2529 1772 2571; x_wconf 72' lang='lat'><strong>1875)</strong></span> <span class='ocrx_word' id='word_1_196' title='bbox 1805 2528 1870 2571; x_wconf 93' lang='lat' dir='ltr'>IV</span> 
     </span>
     <span class='ocr_line' id='line_1_26' title="bbox 94 2603 1868 2661; baseline -0.002 -13"><span class='ocrx_word' id='word_1_197' title='bbox 94 2618 137 2660; x_wconf 88' lang='lat' dir='ltr'>p.</span> <span class='ocrx_word' id='word_1_198' title='bbox 171 2604 243 2660; x_wconf 86' lang='lat'>33,</span> <span class='ocrx_word' id='word_1_199' title='bbox 275 2618 320 2660; x_wconf 88' lang='lat' dir='ltr'>p.</span> <span class='ocrx_word' id='word_1_200' title='bbox 356 2607 442 2651; x_wconf 86' lang='lat'>104</span> <span class='ocrx_word' id='word_1_201' title='bbox 474 2604 579 2648; x_wconf 86' lang='lat' dir='ltr'>adn.</span> <span class='ocrx_word' id='word_1_202' title='bbox 613 2605 664 2661; x_wconf 79' lang='lat'>23</span> <span class='ocrx_word' id='word_1_203' title='bbox 699 2604 757 2648; x_wconf 93' lang='lat' dir='ltr'>de</span> <span class='ocrx_word' id='word_1_204' title='bbox 790 2603 970 2648; x_wconf 89' lang='lat' dir='ltr'>Bacchi</span> <span class='ocrx_word' id='word_1_205' title='bbox 1017 2603 1254 2659; x_wconf 87' lang='lat' dir='ltr'>religione</span> <span class='ocrx_word' id='word_1_206' title='bbox 1301 2603 1359 2648; x_wconf 89' lang='lat' dir='ltr'>cf.</span> <span class='ocrx_word' id='word_1_207' title='bbox 1392 2603 1594 2658; x_wconf 84' lang='lat' dir='ltr'>Ludwig</span> <span class='ocrx_word' id='word_1_208' title='bbox 1627 2603 1868 2658; x_wconf 88' lang='lat' dir='ltr'>Weniger,</span> 
     </span>
     <span class='ocr_line' id='line_1_27' title="bbox 91 2667 1866 2735; baseline -0.001 -14"><span class='ocrx_word' id='word_1_209' title='bbox 91 2667 220 2722; x_wconf 77' lang='lat' dir='ltr'>Uber</span> <span class='ocrx_word' id='word_1_210' title='bbox 267 2678 352 2722; x_wconf 86' lang='lat' dir='ltr'>das</span> <span class='ocrx_word' id='word_1_211' title='bbox 385 2678 659 2735; x_wconf 85' lang='lat' dir='ltr'>Kollegium</span> <span class='ocrx_word' id='word_1_212' title='bbox 708 2678 792 2721; x_wconf 87' lang='lat' dir='ltr'>der</span> <span class='ocrx_word' id='word_1_213' title='bbox 825 2677 1070 2722; x_wconf 83' lang='lat' dir='ltr'>Sechzehn</span> <span class='ocrx_word' id='word_1_214' title='bbox 1102 2677 1285 2721; x_wconf 83' lang='lat' dir='ltr'>Frauen</span> <span class='ocrx_word' id='word_1_215' title='bbox 1330 2677 1426 2720; x_wconf 87' lang='lat' dir='ltr'>und</span> <span class='ocrx_word' id='word_1_216' title='bbox 1470 2676 1559 2721; x_wconf 90' lang='lat' dir='ltr'>den</span> <span class='ocrx_word' id='word_1_217' title='bbox 1594 2677 1866 2734; x_wconf 85' lang='lat' dir='ltr'>Dionysos-</span> 
     </span>
     <span class='ocr_line' id='line_1_28' title="bbox 97 2751 1867 2808; baseline -0.001 -12"><span class='ocrx_word' id='word_1_218' title='bbox 97 2752 254 2797; x_wconf 89' lang='lat' dir='ltr'>dienst</span> <span class='ocrx_word' id='word_1_219' title='bbox 293 2753 340 2796; x_wconf 92' lang='lat' dir='ltr'>in</span> <span class='ocrx_word' id='word_1_220' title='bbox 371 2753 487 2808; x_wconf 89' lang='lat' dir='ltr'>Elis,</span> <span class='ocrx_word' id='word_1_221' title='bbox 519 2751 886 2796; x_wconf 82' lang='lat' dir='ltr'>Jahresbericht</span> <span class='ocrx_word' id='word_1_222' title='bbox 918 2752 1128 2795; x_wconf 88' lang='lat' dir='ltr'>Weimar</span> <span class='ocrx_word' id='word_1_223' title='bbox 1161 2752 1276 2797; x_wconf 82' lang='lat'>1883</span> <span class='ocrx_word' id='word_1_224' title='bbox 1308 2765 1353 2808; x_wconf 88' lang='lat' dir='ltr'>p.</span> <span class='ocrx_word' id='word_1_225' title='bbox 1387 2755 1414 2796; x_wconf 79' lang='lat'><strong>2</strong></span> <span class='ocrx_word' id='word_1_226' title='bbox 1448 2764 1565 2808; x_wconf 86' lang='lat' dir='ltr'>sqq.‚</span> <span class='ocrx_word' id='word_1_227' title='bbox 1599 2765 1643 2807; x_wconf 86' lang='lat' dir='ltr'>p.</span> <span class='ocrx_word' id='word_1_228' title='bbox 1678 2752 1748 2795; x_wconf 87' lang='grc'>17.</span> <span class='ocrx_word' id='word_1_229' title='bbox 1796 2751 1867 2794; x_wconf 91' lang='lat' dir='ltr'>De</span> 
     </span>
     <span class='ocr_line' id='line_1_29' title="bbox 95 2825 1869 2885; baseline -0.001 -14"><span class='ocrx_word' id='word_1_230' title='bbox 95 2827 236 2872; x_wconf 89' lang='lat' dir='ltr'>rebus</span> <span class='ocrx_word' id='word_1_231' title='bbox 291 2827 554 2885; x_wconf 86' lang='lat' dir='ltr'>Olympicis</span> <span class='ocrx_word' id='word_1_232' title='bbox 605 2841 755 2885; x_wconf 88' lang='lat' dir='ltr'>nuper</span> <span class='ocrx_word' id='word_1_233' title='bbox 806 2826 994 2870; x_wconf 85' lang='lat' dir='ltr'>rettulit</span> <span class='ocrx_word' id='word_1_234' title='bbox 1046 2826 1120 2870; x_wconf 84' lang='lat' dir='ltr'>Fr.</span> <span class='ocrx_word' id='word_1_235' title='bbox 1170 2827 1365 2883; x_wconf 88' lang='lat' dir='ltr'>Weege,</span> <span class='ocrx_word' id='word_1_236' title='bbox 1414 2825 1724 2870; x_wconf 87' lang='lat' dir='ltr'>Einzelfunde</span> <span class='ocrx_word' id='word_1_237' title='bbox 1772 2840 1869 2869; x_wconf 89' lang='lat' dir='ltr'>von</span> 
     </span>
     <span class='ocr_line' id='line_1_30' title="bbox 98 2899 1869 2959; baseline -0.001 -15"><span class='ocrx_word' id='word_1_238' title='bbox 98 2899 317 2959; x_wconf 85' lang='lat' dir='ltr'>Olympia</span> <span class='ocrx_word' id='word_1_239' title='bbox 349 2901 406 2947; x_wconf 91' lang='lat' dir='ltr'>A.</span> <span class='ocrx_word' id='word_1_240' title='bbox 439 2902 497 2958; x_wconf 88' lang='lat' dir='ltr'>M.</span> <span class='ocrx_word' id='word_1_241' title='bbox 530 2903 643 2947; x_wconf 88' lang='grc'><strong>1911</strong></span> <span class='ocrx_word' id='word_1_242' title='bbox 677 2914 721 2958; x_wconf 88' lang='lat' dir='ltr'>p.</span> <span class='ocrx_word' id='word_1_243' title='bbox 769 2902 854 2947; x_wconf 84' lang='lat'>163</span> <span class='ocrx_word' id='word_1_244' title='bbox 903 2914 1020 2957; x_wconf 67' lang='lat' dir='ltr'>sqq„</span> <span class='ocrx_word' id='word_1_245' title='bbox 1071 2901 1151 2958; x_wconf 90' lang='lat' dir='ltr'>qui</span> <span class='ocrx_word' id='word_1_246' title='bbox 1198 2914 1242 2957; x_wconf 89' lang='lat' dir='ltr'>p.</span> <span class='ocrx_word' id='word_1_247' title='bbox 1290 2902 1375 2946; x_wconf 88' lang='lat'>163</span> <span class='ocrx_word' id='word_1_248' title='bbox 1422 2901 1610 2958; x_wconf 87' lang='lat' dir='ltr'>priores</span> <span class='ocrx_word' id='word_1_249' title='bbox 1659 2900 1869 2944; x_wconf 89' lang='lat' dir='ltr'>virorum</span> 
     </span>
     <span class='ocr_line' id='line_1_31' title="bbox 97 2975 1109 3032; baseline -0.001 -12"><span class='ocrx_word' id='word_1_250' title='bbox 97 2975 347 3020; x_wconf 89' lang='lat' dir='ltr'>doctorum</span> <span class='ocrx_word' id='word_1_251' title='bbox 378 2976 633 3032; x_wconf 89' lang='lat' dir='ltr'>proposuit</span> <span class='ocrx_word' id='word_1_252' title='bbox 666 2975 1109 3020; x_wconf 86' lang='lat' dir='ltr'>commentationes.</span> 
     </span>
    </p>

    <p class='ocr_par' dir='ltr' id='par_1_6' title="bbox 95 3047 1868 3550">
     <span class='ocr_line' id='line_1_32' title="bbox 271 3047 1867 3106; baseline -0.002 -12"><span class='ocrx_word' id='word_1_253' title='bbox 271 3048 330 3106; x_wconf 73' lang='lat'>4⁸)</span> <span class='ocrx_word' id='word_1_254' title='bbox 362 3050 627 3096; x_wconf 88' lang='lat' dir='ltr'>Duodecim</span> <span class='ocrx_word' id='word_1_255' title='bbox 691 3050 763 3094; x_wconf 90' lang='lat' dir='ltr'>dis</span> <span class='ocrx_word' id='word_1_256' title='bbox 827 3050 1005 3095; x_wconf 88' lang='lat' dir='ltr'>Atticis</span> <span class='ocrx_word' id='word_1_257' title='bbox 1068 3050 1388 3105; x_wconf 87' lang='lat' dir='ltr'>Pisistratum,</span> <span class='ocrx_word' id='word_1_258' title='bbox 1442 3049 1644 3106; x_wconf 88' lang='lat' dir='ltr'>Hippiae</span> <span class='ocrx_word' id='word_1_259' title='bbox 1708 3047 1867 3103; x_wconf 89' lang='lat' dir='ltr'>filium,</span> 
     </span>
     <span class='ocr_line' id='line_1_33' title="bbox 95 3124 1868 3182; baseline -0.001 -14"><span class='ocrx_word' id='word_1_260' title='bbox 95 3124 340 3169; x_wconf 88' lang='lat' dir='ltr'>Pisistrati</span> <span class='ocrx_word' id='word_1_261' title='bbox 357 3125 548 3182; x_wconf 87' lang='lat' dir='ltr'>tyranni</span> <span class='ocrx_word' id='word_1_262' title='bbox 569 3130 807 3181; x_wconf 89' lang='lat' dir='ltr'>nepotem,</span> <span class='ocrx_word' id='word_1_263' title='bbox 825 3125 871 3168; x_wconf 90' lang='lat' dir='ltr'>in</span> <span class='ocrx_word' id='word_1_264' title='bbox 895 3125 1001 3170; x_wconf 89' lang='lat' dir='ltr'>foro</span> <span class='ocrx_word' id='word_1_265' title='bbox 1023 3124 1381 3168; x_wconf 89' lang='lat' dir='ltr'>Atheniensium</span> <span class='ocrx_word' id='word_1_266' title='bbox 1406 3138 1530 3168; x_wconf 89' lang='lat' dir='ltr'>aram</span> <span class='ocrx_word' id='word_1_267' title='bbox 1558 3138 1868 3168; x_wconf 86' lang='lat' dir='ltr'>consecrasse</span> 
     </span>
     <span class='ocr_line' id='line_1_34' title="bbox 97 3197 1866 3256; baseline -0.001 -14"><span class='ocrx_word' id='word_1_268' title='bbox 97 3197 404 3256; x_wconf 80' lang='lat' dir='ltr'>Thucydides</span> <span class='ocrx_word' id='word_1_269' title='bbox 435 3199 501 3244; x_wconf 92' lang='lat' dir='ltr'>VI</span> <span class='ocrx_word' id='word_1_270' title='bbox 533 3200 635 3254; x_wconf 82' lang='lat'>54‚6</span> <span class='ocrx_word' id='word_1_271' title='bbox 666 3200 922 3244; x_wconf 90' lang='lat' dir='ltr'>memoriae</span> <span class='ocrx_word' id='word_1_272' title='bbox 956 3199 1198 3256; x_wconf 82' lang='lat' dir='ltr'>prodidit;</span> <span class='ocrx_word' id='word_1_273' title='bbox 1244 3199 1313 3242; x_wconf 87' lang='lat' dir='ltr'>illi</span> <span class='ocrx_word' id='word_1_274' title='bbox 1358 3199 1506 3255; x_wconf 86' lang='lat' dir='ltr'>igitur</span> <span class='ocrx_word' id='word_1_275' title='bbox 1546 3203 1654 3242; x_wconf 87' lang='lat' dir='ltr'>ante</span> <span class='ocrx_word' id='word_1_276' title='bbox 1700 3212 1866 3241; x_wconf 88' lang='lat' dir='ltr'>annum</span> 
     </span>
     <span class='ocr_line' id='line_1_35' title="bbox 96 3271 1867 3329; baseline 0 -13"><span class='ocrx_word' id='word_1_277' title='bbox 96 3271 196 3316; x_wconf 86' lang='lat' dir='ltr'>fere</span> <span class='ocrx_word' id='word_1_278' title='bbox 229 3273 316 3320; x_wconf 78' lang='lat'>528</span> <span class='ocrx_word' id='word_1_279' title='bbox 349 3286 390 3317; x_wconf 88' lang='lat' dir='ltr'>a.</span> <span class='ocrx_word' id='word_1_280' title='bbox 427 3272 533 3317; x_wconf 86' lang='lat' dir='ltr'>Chr.</span> <span class='ocrx_word' id='word_1_281' title='bbox 566 3288 609 3318; x_wconf 89' lang='lat' dir='ltr'>n.</span> <span class='ocrx_word' id='word_1_282' title='bbox 642 3274 956 3318; x_wconf 85' lang='lat' dir='ltr'>veneratione</span> <span class='ocrx_word' id='word_1_283' title='bbox 1005 3273 1058 3316; x_wconf 84' lang='lat' dir='ltr'>in</span> <span class='ocrx_word' id='word_1_284' title='bbox 1085 3272 1174 3316; x_wconf 89' lang='lat' dir='ltr'>hac</span> <span class='ocrx_word' id='word_1_285' title='bbox 1206 3272 1322 3316; x_wconf 88' lang='lat' dir='ltr'>urbe</span> <span class='ocrx_word' id='word_1_286' title='bbox 1357 3271 1447 3315; x_wconf 82' lang='lat' dir='ltr'>frui</span> <span class='ocrx_word' id='word_1_287' title='bbox 1480 3273 1560 3315; x_wconf 86' lang='lat' dir='ltr'>vix</span> <span class='ocrx_word' id='word_1_288' title='bbox 1594 3276 1867 3329; x_wconf 88' lang='lat' dir='ltr'>potuerunt.</span> 
     </span>
     <span class='ocr_line' id='line_1_36' title="bbox 96 3346 1858 3405; baseline -0.002 -13"><span class='ocrx_word' id='word_1_289' title='bbox 96 3348 327 3392; x_wconf 86' lang='lat' dir='ltr'>Petersen</span> <span class='ocrx_word' id='word_1_290' title='bbox 375 3352 547 3403; x_wconf 83' lang='lat' dir='ltr'>autem,</span> <span class='ocrx_word' id='word_1_291' title='bbox 598 3349 881 3405; x_wconf 87' lang='lat' dir='ltr'>praesertim</span> <span class='ocrx_word' id='word_1_292' title='bbox 925 3348 971 3391; x_wconf 89' lang='lat' dir='ltr'>in</span> <span class='ocrx_word' id='word_1_293' title='bbox 1018 3361 1072 3391; x_wconf 90' lang='lat' dir='ltr'>ea</span> <span class='ocrx_word' id='word_1_294' title='bbox 1121 3347 1538 3402; x_wconf 87' lang='lat' dir='ltr'>commentatione,</span> <span class='ocrx_word' id='word_1_295' title='bbox 1584 3360 1721 3403; x_wconf 86' lang='lat' dir='ltr'>quam</span> <span class='ocrx_word' id='word_1_296' title='bbox 1771 3346 1858 3389; x_wconf 88' lang='lat' dir='ltr'>sub</span> 
     </span>
     <span class='ocr_line' id='line_1_37' title="bbox 98 3419 1863 3480; baseline -0.002 -15"><span class='ocrx_word' id='word_1_297' title='bbox 98 3421 239 3466; x_wconf 89' lang='lat' dir='ltr'>titulo</span> <span class='ocrx_word' id='word_1_298' title='bbox 272 3422 370 3465; x_wconf 88' lang='lat' dir='ltr'>Das</span> <span class='ocrx_word' id='word_1_299' title='bbox 404 3421 909 3480; x_wconf 69' lang='lat' dir='ltr'>Zwtilfgiittersystem</span> <span class='ocrx_word' id='word_1_300' title='bbox 958 3422 1042 3465; x_wconf 91' lang='lat' dir='ltr'>der</span> <span class='ocrx_word' id='word_1_301' title='bbox 1076 3420 1310 3465; x_wconf 86' lang='lat' dir='ltr'>Griechen</span> <span class='ocrx_word' id='word_1_302' title='bbox 1352 3420 1447 3464; x_wconf 88' lang='lat' dir='ltr'>und</span> <span class='ocrx_word' id='word_1_303' title='bbox 1479 3421 1655 3463; x_wconf 74' lang='lat' dir='ltr'>Romer</span> <span class='ocrx_word' id='word_1_304' title='bbox 1686 3419 1863 3477; x_wconf 86' lang='lat' dir='ltr'>publici</span> 
     </span>
     <span class='ocr_line' id='line_1_38' title="bbox 98 3493 1866 3550; baseline -0.001 -12"><span class='ocrx_word' id='word_1_305' title='bbox 98 3495 212 3540; x_wconf 91' lang='lat' dir='ltr'>iuris</span> <span class='ocrx_word' id='word_1_306' title='bbox 261 3495 378 3540; x_wconf 89' lang='lat' dir='ltr'>fecit</span> <span class='ocrx_word' id='word_1_307' title='bbox 425 3495 473 3539; x_wconf 91' lang='lat' dir='ltr'>in</span> <span class='ocrx_word' id='word_1_308' title='bbox 504 3495 768 3540; x_wconf 87' lang='lat' dir='ltr'>Virchowii</span> <span class='ocrx_word' id='word_1_309' title='bbox 819 3501 867 3539; x_wconf 90' lang='lat' dir='ltr'>et</span> <span class='ocrx_word' id='word_1_310' title='bbox 914 3493 1281 3539; x_wconf 87' lang='lat' dir='ltr'>Holtzendorsfii</span> <span class='ocrx_word' id='word_1_311' title='bbox 1328 3494 1630 3550; x_wconf 80' lang='lat' dir='ltr'>„Sammlung</span> <span class='ocrx_word' id='word_1_312' title='bbox 1662 3494 1866 3549; x_wconf 55' lang='lat' dir='ltr'>geracii.-</span> 
     </span>
    </p>
   </div>
  </div>
 </body>
</html>
