2274 4036
1202 260 1384 313 x-vssg
1426 296 1495 302 -

456 451 729 504 contendit
768 452 910 504 corio
949 453 1134 521 pingui
1175 471 1241 507 ex
1282 455 1441 507 boum
1481 455 1777 508 cervicibus
1806 463 2024 509 exsecto
2062 457 2227 509 invol-

456 544 670 593 ventem
729 541 878 609 lyrae
932 540 1153 594 inferius
1211 543 1408 611 iugum⁷
1451 541 1552 595 hoc
1598 542 1806 596 deinde
1863 543 2226 597 intendentem

454 629 650 699 nerviS,
692 645 810 682 cum
853 635 1084 700 caveret,
1123 648 1194 684 ne
1233 631 1286 683 hi
1328 631 1583 684 exsiccati
1623 631 2057 701 dirumperentur.
2092 631 2226 696 ‘Quo

457 718 600 771 facto
659 717 761 772 hoc
820 719 1019 772 corium
1078 722 1356 776 κολλόπων
1415 720 1533 773 vice
1592 721 1746 787 quasi
1803 720 2039 774 functum
2105 736 2227 774 esse

454 808 608 860 sicuti
673 808 965 862 verticillos
1030 809 1083 861 in
1148 808 1337 862 fabula
1411 809 1671 878 satyrica:
1747 810 2008 863 rationem
2070 810 2228 878 igitur

456 896 726 964 quandam
764 897 1097 951 intercedere
1137 899 1273 951 inter
1313 898 1725 967 descriptionem
1766 898 1949 968 hymni
1988 898 2226 953 fabulae-

455 1000 558 1053 que
599 985 940 1054 Sophocleae
980 993 1033 1039 et
1071 986 1335 1040 Eustathii
1374 987 1628 1055 glossam.
1708 987 1870 1040 Cuius
1909 989 2224 1041 sententiam

455 1075 524 1128 ad
573 1075 911 1129 refutandam
969 1076 1051 1144 iis,
1101 1093 1239 1143 quae
1292 1092 1454 1145 supra
1508 1076 1748 1146 exposui,
1802 1076 1970 1129 multa
2028 1076 2226 1131 addere

452 1164 814 1235 supersede03
868 1166 997 1218 satis
1057 1176 1138 1218 est
1195 1165 1297 1218 hoc
1354 1165 1475 1218 loco
1531 1165 1787 1218 adnotare
1837 1181 2037 1219 vocem‘
2066 1169 2227 1240 δέρμα

453 1253 597 1323 apud
623 1254 950 1323 Sophoclem
991 1259 1257 1307 servatam
1299 1270 1420 1307 esse
1460 1270 1618 1308 versu
1657 1254 1782 1323 307,
1812 1270 1930 1307 cum
1969 1257 2254 1320 κόλλοπες.

446 1343 591 1396 infra
630 1362 678 1397 v.
722 1344 830 1396 312
871 1343 1131 1412 legamus
1210 1344 1399 1411 Itaque
1439 1343 1566 1397 licet
1602 1343 1851 1396 verticilli
1905 1344 1959 1396 in
1999 1343 2225 1412 Indaga-

449 1433 655 1486 toribus
695 1432 882 1486 fabula
910 1449 977 1486 ex
1017 1433 1161 1485 corio
1190 1431 1318 1486 facti
1358 1433 1479 1503 sint,
1511 1449 1617 1500 qua
1657 1432 1725 1486 de
1751 1449 1809 1486 re
1848 1432 1981 1486 nihil
2009 1433 2224 1486 omnino

449 1527 678 1591 constat,
730 1528 910 1575 tamen
961 1526 1244 1590 praeterea
1291 1522 1453 1574 aliam
1496 1522 1656 1591 ‘lyrae
1696 1526 1903 1590 partem
1944 1521 2015 1575 ad
2065 1521 2225 1575 fabri-

450 1610 679 1664 candam
733 1610 891 1664 deum
946 1610 1049 1664 hac
1108 1612 1330 1664 materia
1387 1626 1539 1664 usum
1601 1626 1721 1664 esse
1781 1611 1988 1665 vel-ex
2037 1611 2226 1680 paucis

449 1701 532 1753 his
573 1701 750 1754 verbis
790 1700 1130 1770 perspicuum
1182 1706 1278 1770 est,
1321 1712 1480 1767 qnam
1529 1705 1734 1769 par-tem
1787 1700 2013 1753 eandem
2064 1706 2226 1769 atque

447 1790 502 1843 in
541 1790 740 1859 hymno
781 1789 948 1843 fuiss-e
988 1807 1021 1842 a
1060 1790 1283 1843 veritate
1323 1789 1564 1859 proxime
1606 1790 1799 1843 abesse
1839 1795 1983 1858 puto.

582 2104 686 2156 De
742 2103 1308 2172 Indagatorum
1370 2102 1817 2171 fragmento
1877 2102 2076 2172 apud

921 2207 1336 2259 ‘Pollucem
1397 2211 1735 2260 servato,

622 2419 810 2485 Neque
830 2416 1070 2472 Schenkl
1097 2417 1225 2470 mihi
1252 2417 1520 2487 persuasit
1548 2416 1616 2469 ad
1645 2416 1793 2486 lyrae
1815 2415 2221 2469 fabricationem

445 2525 477 2560 a
544 2508 770 2577 Cyllene
849 2507 1173 2576 descriptam
1254 2507 1355 2561 hoc
1419 2506 1800 2574 Indagatorum
1866 2505 2221 2574 fragmentum

443 2598 725 2667 pertinere,
768 2597 913 2665 quod
952 2597 1189 2652 Pollucis
1228 2597 1403 2650 lexico
1445 2595 1705 2649 debemus
1738 2595 1794 2647 'X
1835 2596 1930 2648 34:
1983 2598 2110 2668 μὲρη
2163 2598 2219 2649 δὲ

442 2689 618 2760 κλίνης
660 2689 884 2760 ἐνήλατα
923 2693 1010 2743 καὶ
1051 2689 1389 2759 ἐπίκλιντρον,
1432 2692 1488 2742 τὸ
1529 2688 1620 2759 μὲν
1659 2707 1719 2758 γε
1759 2687 2079 2757 ἐπίκλιντρον
2119 2688 2217 2739 ὑπὸ

442 2776 852 2849 Ἀριστοφάνους
892 2780 1175 2850 εἰρημένον·
1211 2778 1487 2848 Σοφοκλῆς
1517 2774 1562 2831 δ’
1589 2779 1644 2832 ἐν
1674 2777 1953 2848 Ἰχνευταῖς
1982 2777 2216 2846 σατύροις

439 2871 560 2938 ἔφη·
604 2865 847 2938 (ἐνήλατα
884 2869 1014 2933 ξύλα
1053 2870 1312 2939 τρίγομφα
1351 2868 1674 2937 διατορεῦσαί
1702 2885 1761 2919 σε
1800 2861 1995 2933 certas,
2035 2879 2217 2930 quam-

441 3060 470 3097 φ
502 3045 588 3090 407
621 3043 691 3087 ita
724 3043 1007 3088 Eustathius
1042 3044 1306 3088 credidisse
1339 3043 1535 3087 videtur
1575 3046 1767 3087 veteres
1800 3041 2055 3086 verticillis
2101 3054 2215 3085 usos

442 3131 550 3161 esse
583 3127 761 3162 nervos
796 3118 856 3162 ad
889 3117 1224 3174 intendendos,
1254 3132 1350 3162 non
1383 3117 1443 3161 ad
1477 3130 1579 3161 eam
1610 3130 1751 3174 quam
1784 3116 1861 3160 vir
1891 3114 2065 3160 doctus
2097 3114 2217 3159 dicit

440 3205 540 3235 rem
563 3218 602 3222 —
624 3195 702 3234 καὶ
726 3195 850 3245 οὕτω,
875 3197 994 3247 φασί,
1019 3194 1258 3249 λεγόμενος
1280 3194 1391 3236 διότι
1414 3195 1464 3236 τὸ
1486 3195 1678 3235 παλαιὸν
1701 3195 1753 3234 ἐκ
1771 3195 1998 3246 δερμάτων
2015 3192 2214 3245 σκληρῶν

443 3265 498 3321 ἦν
529 3272 611 3309 τῶν
644 3267 749 3321 πρὸς
782 3273 840 3322 τῷ
872 3270 1078 3323 τραχήλῳ
1112 3272 1196 3310 τῶν
1229 3271 1351 3321 βοῶν,
1401 3271 1490 3310 ἐστι
1523 3270 1563 3310 δ’
1595 3270 1669 3309 ὅτε
1698 3270 1777 3309 καὶ
1809 3271 1892 3309 τῶν
1926 3269 2041 3317 οἰῶν,
2075 3266 2105 3307 ἃ
2135 3268 2214 3306 καὶ

445 3342 556 3382 αὐτὰ
588 3342 810 3393 κόλλοπες
857 3343 1098 3383 ἐκαλοῦντο
1147 3345 1221 3384 διὰ
1253 3344 1302 3384 τὸ
1336 3344 1379 3393 ἐξ
1421 3344 1566 3384 ἀὐτῶν
1610 3343 1995 3395 ἀναβραττομὲνων
2042 3341 2213 3382 κόλλαν

439 3415 654 3469 γίνεσθαι.
719 3414 789 3457 Ex
839 3413 1009 3471 quibus
1043 3414 1207 3460 verbis
1250 3415 1471 3473 equi-dem
1516 3428 1612 3460 non
1646 3415 1879 3460 concludo
1914 3427 2076 3458 omnes
2107 3427 2214 3458 ver-
