2274 4036
769 346 1064 402 -87-

37 521 259 591 Cyllene
295 527 514 591 patente
542 539 830 592 egressam,
873 524 1111 592 corporis
1137 524 1502 591 magnitudine
1543 525 1808 578 choreutis

0 627 238 680 parem,
323 610 583 678 dignitate
651 617 702 664 et
786 612 1066 665 maiestate
1131 628 1252 665 sese
1330 613 1636 666 efferentem
1701 631 1807 666 non

36 699 209 752 minus
274 698 629 752 Athenienses
693 700 994 753 delectasse
1069 700 1318 769 dixerim,
1376 718 1535 768 quam
1599 703 1645 754 si
1709 702 1805 754 sub

38 794 333 858 satyrorum
374 789 603 857 pedibus
644 790 903 858 paulatim
945 790 1292 843 ascendisset.
1367 791 1627 860 Cyllenen
1669 792 1808 844 enim

40 894 107 930 ex
148 876 451 945 ‘profundo
534 879 816 932 emersisse
888 896 955 932 ne
1034 880 1197 941 verbo
1286 879 1499 947 quidem
1591 886 1807 948 poetam

3 957 304 1019 'indicasse
364 967 565 1020 Koerte
622 973 766 1020 recte
825 968 1114 1036 admonuit,
1176 985 1282 1035 qua
1339 969 1406 1020 de
1468 985 1631 1022 causa
1691 986 1808 1022 eam

34 1055 213 1108 exisse
267 1060 396 1123 puto
447 1073 542 1125 per
589 1073 821 1110 scaenae
874 1057 1063 1111 domus
1116 1058 1329 1110 ianuam
1380 1063 1432 1110 et
1485 1059 1707 1110 materia
1758 1065 1810 1111 et

35 1144 212 1196 colore
251 1145 470 1212 rupibus
509 1145 584 1198 ita
642 1146 1115 1215 accommodatam,
1175 1153 1233 1199 ut
1290 1149 1357 1199 ab
1419 1147 1496 1199 eis
1557 1147 1810 1215 distingui

35 1233 202 1286 facile
256 1249 363 1286 non
421 1240 622 1302 posset,
685 1240 843 1302 atque
901 1235 1003 1288 hoc
1060 1236 1218 1288 modo
1259 1253 1292 1287 a
1350 1242 1708 1304 spectatorum
1756 1237 1809 1288 in

37 1322 216 1374 caveis
258 1322 387 1376 satis
427 1323 644 1375 remotis
684 1324 983 1376 sedentium
1025 1331 1314 1393 conspectu
1355 1325 1621 1377 obtectam
1663 1325 1810 1378 velut

1 1431 3 1434 ·
34 1411 87 1463 in
115 1411 320 1464 Avibus
345 1411 757 1480 Aristophanea.
801 1413 1010 1465 Fabula
1047 1415 1261 1466 ineunte
1302 1430 1476 1481 neque
1506 1414 1808 1482 Apollinem

35 1500 302 1553 introitum
362 1500 562 1554 vidisse
620 1519 795 1569 neque
856 1508 1065 1571 satyros
1123 1503 1292 1556 boves
1353 1509 1669 1570 quaerentes
1709 1503 1810 1555 hac

11 1591 240 1665 ratione
281 1590 442 1643 facile
484 1591 794 1659 explicatur.

6 1763 8 1767 y
212 1695 404 1750 Nullus
457 1695 616 1762 igitur
664 1695 814 1747 locus
853 1696 906 1747 in
963 1695 1144 1748 charta
1198 1696 1421 1749 traditus
1471 1702 1694 1749 testatur
1732 1713 1808 1748 01·-

0 1782 215 1851 ij-„natum
258 1784 559 1836 scaenicum
600 1784 654 1836 in
692 1783 1110 1851 Jndagatoribus
1165 1785 1349 1838 fabula
1387 1802 1601 1854 prorsus
1643 1786 1809 1839 diver-

0 1912 8 1938 ἱ
38 1889 151 1925 sum
204 1872 371 1925 fuisse
421 1873 487 1925 ab
537 1890 618 1940 ec,
673 1889 776 1940 quo
815 1873 1172 1927 Athenienses
1227 1875 1511 1927 utebantur
1558 1876 1693 1928 alias
1741 1876 1809 1928 ad

0 1945 295 2030 &sedendam
360 1963 504 2014 Aves
582 1962 719 2030 dice,
792 1962 1162 2032 Philoctetam,
1231 1964 1539 2033 Cyclopem,
1620 1966 1809 2032 quibus
1884 1976 1886 1978 ’

0 2011 270 2104 ὲ(εεινθϊῐιθι
320 2051 562 2118 quamvis
603 2051 828 2104 diversis
875 2052 1168 2105 rationibus
1206 2052 1259 2104 in
1299 2058 1533 2106 montem
1572 2055 1811 2107 immissa

0 2090 440 2210 &repraesentata
499 2146 624 2194 erat.
704 2135 901 2194 Jmmo'
934 2159 1061 2194 vero
1113 2143 1347 2195 Koerteo
1407 2148 1459 2195 et
1497 2144 1809 2212 Vollgraffio

0 2212 438 2283 {concedendum
499 2235 581 2283 est
636 2247 733 2299 per
792 2247 850 2283 se
911 2247 1032 2283 esse
1091 2231 1420 2299 probabilius
1469 2232 1808 2302 Sophoclem,

18 2335 196 2386 quem
246 2320 416 2388 primo
457 2320 786 2388 Triptolemo
841 2320 1028 2373 fabula
1069 2320 1195 2373 data
1246 2321 1432 2374 d'ecem
1486 2323 1639 2375 annis
1688 2330 1809 2376 ante

26 2408 231 2482 ¹vicisse
270 2409 484 2476 scimUS,
526 2424 683 2475 quam
720 2408 1018 2478 Aeschylus
1059 2409 1320 2463 Orestiam
1363 2410 1578 2463 doceret
1616 2429 1810 2480 magno

21 2502 92 2550 “et
129 2497 247 2550 fere
280 2496 520 2566 perfecto
550 2497 784 2550 adhibito
813 2499 1061 2551 scaenico
1090 2505 1369 2568 apparatu,
1410 2501 1810 2554 tabernaculum

28 2585 274 2662 ligneum
312 2585 566 2640 habuisse
582 2587 695 2654 ¹4⁷).
773 2587 842 2640 Jn
870 2588 1036 2640 Aiace
1077 2587 1278 2658 fabula,
1322 2605 1459 2656 quae
1501 2595 1641 2642 certe
1677 2590 1812 2644 inter

33 2747 289 2784 ⁴ascensum
321 2735 429 2779 dum
462 2735 531 2778 illi
563 2734 827 2791 perficiunt,
876 2734 968 2779 sibi
1015 2734 1197 2792 fingunt
1229 2749 1280 2779 se
1315 2750 1386 2791 eo,
1429 2749 1520 2792 quo
1565 2736 1810 2792 volebant,

43 2809 134 2854 'am
163 2809 466 2868 pervenisse3
515 2810 601 2853 sed
647 2813 901 2866 postquam
949 2813 1057 2853 ante
1107 2813 1289 2853 antrum
1339 2809 1670 2866 constiterunt,
1716 2825 1811 2855 non

37 2883 210 2927 vident
242 2883 433 2939 aditum,
468 2883 664 2927 audiunt
698 2887 854 2927 autem
887 2883 1055 2927 iterum
1087 2884 1220 2940 lyrae
1254 2898 1439 2928 vocem.
1505 2884 1632 2936 Quae
1671 2889 1810 2929 antea

38 2956 232 3013 fiebant,
280 2956 372 3002 hoc
418 2957 561 3008 modo
610 2957 801 3001 facilius
851 2957 1160 3014 explicantur.
1242 2958 1359 3002 Nam
1407 2959 1596 3002 ineunte
1650 2958 1810 3002 fabula

44 3036 92 3076 et
123 3032 301 3088 Apollo
336 3036 384 3075 et
416 3032 583 3089 satyri,
631 3031 782 3075 furem
824 3045 927 3075 cum
974 3037 1386 3090 persequerentur,
1435 3037 1616 3076 antrum
1656 3047 1809 3090 aequo

43 3105 198 3149 animo
230 3105 601 3164 praeterierunt3
645 3105 944 3163 coryphaeus
982 3119 1103 3149 nunc
1137 3106 1318 3150 saltans
1353 3111 1400 3150 et
1449 3111 1613 3150 contra
1647 3121 1810 3151 saxum

37 3178 300 3224 calcitrans
325 3193 494 3223 cavum
515 3179 735 3237 spatium,
766 3179 889 3222 unde
913 3192 1058 3222 sonus
1080 3180 1320 3236 prodibat,
1353 3194 1581 3238 quaerere
1605 3181 1809 3235 videtur.

218 3253 294 3311 1²7)
318 3254 638 3314 Wilamowitz
661 3254 716 3297 H.
739 3253 863 3298 XXI.
885 3267 928 3309 p.
946 3254 1031 3298 597
1055 3267 1160 3310 sqq.
1183 3268 1385 3298 scaenae
1410 3255 1596 3299 domum
1618 3255 1727 3299 inde
1751 3256 1810 3299 ab

42 3333 165 3371 'nno
219 3326 318 3372 fere
371 3328 457 3373 465
506 3328 684 3371 exstrui
738 3329 893 3372 solere
958 3332 1133 3384 censet,
1199 3327 1271 3372 cui
1335 3329 1468 3372 multi
1533 3329 1626 3372 viri
1679 3329 1810 3374 docti

44 3450 50 3454 ἶ
101 3402 380 3453 sentiuntur,
451 3401 771 3458 obloquuntur
836 3407 991 3445 autem
1057 3402 1209 3445 Bethe
1263 3402 1292 3446 l.
1342 3415 1379 3445 s.
1421 3416 1458 3447 S.
1499 3416 1543 3459 p.
1592 3404 1648 3448 83
1693 3417 1809 3459 sqq,

50 3464 185 3532 (out,
242 3475 377 3521 Noch
437 3476 604 3519 einmal
660 3476 735 3520 (lie
788 3476 950 3519 Biihne
996 3481 1078 3521 des
1131 3476 1392 3533 Aischylos
1444 3477 1529 3520 Ph.
1573 3478 1644 3532 48,
1696 3478 1810 3520 1889
