2274 4036
1091 280 1387 336 ...58-

350 457 687 513 contumeliis
739 459 1031 526 aegerrime
1073 459 1289 515 Silenus
1338 457 1634 528 impedivit,
1675 458 1957 526 queminus
1996 475 2030 510 a
2066 475 2125 512 re

351 548 628 617 proposita
683 548 762 600 illi
821 547 1154 604 desisterent.
1259 548 1360 612 Qui
1417 548 1552 617 ipse,
1612 564 1778 601 senex
1836 547 2123 615 surdaster,

339 637 502 691 ‚fortis
554 643 652 706 est,
696 636 817 690 dum
872 637 999 706 quid
1049 654 1138 692 res
1191 638 1293 691 sibi
1342 637 1489 706 velit,
1541 654 1647 690 non
1699 637 1980 706 intellegit,
2029 636 2127 690 sed

352 727 551 795 pariter
591 731 752 794 atque
781 732 943 781 antea
968 728 1133 798 satyri
1159 727 1248 781 vel
1274 743 1444 796 pecus
1468 726 1559 780 vel
1586 732 1831 795 pastores
1857 726 2127 779 insolitum

356 816 634 884 strepitum
675 815 838 869 edere
878 816 1062 886 credit,
1106 817 1206 870 cel.
1249 817 1351 869 VII
1395 815 1480 885 19,
1520 835 1569 870 V.
1618 816 1747 869 151:

419 929 507 997 μὶ
580 908 702 961 οὐδὲ
741 908 952 977 ψόφοισι
992 915 1094 964 τῶν
1135 909 1446 978 ὀρειτρόφων
1488 908 1652 978 βοτῶν

580 997 916 1067 πτήσσοντος,
956 993 1077 1051 ἀλλ’
1117 996 1399 1068 ἀ[κ]μαῖσιν
1439 997 1854 1068 ἐξειργασμένου·

583 1088 616 1138 ἃ
655 1094 742 1139 νῦν
782 1082 868 1155 ὑφ’
908 1087 1049 1159 ὑμῶν
1089 1082 1300 1156 λάμ[πρ’
1339 1084 1801 1156 ὑ]πορρυπαίνεται.

582 1175 736 1245 ψόφῳ
777 1174 952 1244 νεώρει
992 1176 1180 1230 κόλακι
1220 1175 1479 1246 ποιμένων
1515 1175 1682 1228 ποθέν

586 1263 664 1331 [τί]
707 1265 771 1334 δὴ
812 1264 1061 1335 φοβεῖσθε
1100 1265 1281 1327 παῖδες
1322 1265 1389 1327 ὣς
1429 1268 1545 1335 πρὶν
1584 1266 1820 1331 εἰσιδεῖν,
1844 1262 1934 1330 ¹⁰⁴)

362 1352 469 1406 Ubi
507 1368 652 1419 vere,
693 1351 915 1420 propius
955 1367 1073 1405 cum
1115 1351 1186 1405 ad
1226 1358 1432 1405 antrum
1473 1353 1794 1405 accessisset
1840 1367 2138 1418 sonumque

363 1531 524 1574 insunt
571 1529 742 1586 boves,
775 1529 901 1574 inest
947 1529 1087 1575 labor
1133 1531 1208 1575 usi
1257 1530 1529 1587 exprimunt
1557 1544 1609 1574 se
1652 1530 1970 1587 intellexisse,
2003 1544 2142 1588 quem

370 1605 431 1649 ad
478 1595 636 1649 locum
683 1604 898 1660 vestigia
946 1603 1141 1661 ferrent,
1197 1631 1239 1637 —
1297 1604 1358 1650 cf.
1405 1606 1497 1649 col.
1540 1606 1630 1650 VII
1661 1608 1720 1651 24
1751 1620 1797 1650 v.
1831 1607 1944 1651 182:
2002 1609 2142 1659 στίβος

369 1680 536 1735 ὁδενεσ[
562 1713 573 1722 .
597 1713 608 1724 .
633 1704 703 1734 -,
727 1678 795 1722 ibi
818 1678 1003 1722 versari
1039 1678 1158 1724 artis
1191 1679 1401 1723 musicae
1434 1679 1656 1736 peritum.
1703 1679 1893 1724 Timent
1927 1679 2062 1735 enim,
2083 1692 2142 1723 ne

368 1755 444 1799 hic
488 1757 671 1798 tantum
711 1757 943 1798 terrorem
985 1753 1079 1798 sibi
1121 1754 1198 1812 qui
1247 1754 1481 1811 iniecerit,
1527 1758 1576 1798 et
1622 1754 1836 1799 laborem
1881 1755 2052 1798 afferat
2097 1757 2145 1798 et

366 1828 645 1886 molestias3
669 1828 728 1873 cf.
752 1842 924 1873 versus
951 1830 1043 1874 col.
1067 1828 1183 1875 VIII
1205 1832 1276 1886 22,
1299 1829 1388 1874 204
1410 1843 1514 1887 sqq.
1538 1844 1564 1873 a
1587 1830 1764 1875 Huntio
1791 1830 1986 1887 egregie
2008 1829 2145 1874 resti-

371 1908 517 1960 tutos,
552 1917 673 1961 quos
708 1903 873 1948 charta
909 1904 1072 1961 choro,
1095 1904 1145 1948 id
1179 1910 1254 1948 est
1288 1905 1419 1949 chori
1454 1905 1578 1962 duci,
1612 1905 1859 1963 attribuit3
1889 1905 2004 1949 vide
2038 1904 2146 1948 adn.

372 1980 472 2035 106,
503 1979 743 2034 Vollgraff
769 1993 814 2035 p.
848 1982 918 2025 87.
966 1979 1062 2023 Res
1096 1979 1351 2024 diiudicari
1383 1994 1477 2024 non
1509 1983 1688 2036 potest,
1712 1979 1799 2024 sed
1830 1993 2021 2024 versum
2056 1979 2147 2024 col.

370 2053 483 2099 VlII
516 2055 540 2096 1
575 2068 623 2096 v.
657 2055 743 2099 185
777 2053 837 2097 ad
868 2053 1012 2098 boum
1043 2054 1274 2110 mugitum
1306 2068 1399 2098 non
1438 2054 1682 2110 pertinere
1725 2054 2026 2099 manifestum
2060 2058 2148 2112 est,

375 2141 482 2172 nam
507 2127 547 2171 si
571 2127 681 2173 illas
704 2127 887 2184 mugire
913 2128 1067 2186 satyri
1091 2127 1408 2185 audivissent,
1433 2128 1503 2172 illi
1528 2133 1657 2173 certe
1681 2143 1776 2173 non
1801 2129 2150 2174 exclamassent

373 2207 434 2245 ἐνι
469 2205 578 2258 βοῦς,
602 2206 663 2245 ἔνι
697 2203 881 2258 aevom.
932 2202 1025 2246 Cur
1048 2201 1318 2259 Sophocles
1352 2202 1506 2247 boves
1531 2203 1679 2247 semel
1702 2217 1747 2247 v.
1771 2205 1857 2249 106
1880 2202 2148 2259 mugientes

375 2276 630 2333 induxerit,
673 2290 766 2320 non
814 2277 1122 2333 intellegitur,
1170 2291 1323 2334 neque
1374 2292 1454 2322 cur
1485 2277 1838 2335 parepigraphe
1886 2277 1934 2320 in
1981 2276 2151 2329 falsum

357 2351 515 2406 ,illata
549 2350 613 2394 sit
644 2351 817 2394 locum.

554 2439 630 2495 1⁰3)
665 2439 827 2484 Sileno
850 2441 980 2484 nulla
1012 2440 1182 2485 incidit
1213 2440 1441 2498 suspicio,
1466 2455 1747 2498 quamquam
1780 2445 1878 2486 tum
1912 2455 2015 2486 cum
2048 2442 2152 2499 ipse

379 2529 545 2559 senum
569 2514 758 2558 audivit
779 2515 892 2570 (col.
916 2515 971 2560 V.
989 2518 1048 2561 23
1065 2529 1110 2560 v.
1130 2517 1230 2572 128,
1250 2516 1351 2572 129,
1375 2515 1435 2562 cf.
1458 2530 1600 2572 supra
1619 2515 1727 2560 adn.
1750 2518 1869 2573 101),
1893 2516 2152 2561 choreutae

379 2589 551 2634 timore
583 2589 793 2646 perculsi
825 2589 995 2646 pedem
1028 2591 1317 2634 rettulerunt
1347 2590 1515 2648 illique
1548 2590 1840 2647 persuadere
1872 2591 2156 2635 studuerunt

379 2679 430 2709 se
464 2664 657 2720 habere,
681 2678 763 2708 cur
794 2664 1041 2722 timerent,
1083 2665 1212 2709 illius
1244 2664 1392 2721 igitur
1423 2666 1625 2709 animum
1648 2665 1881 2710 mirabilis
1901 2666 2037 2723 lyrae
2059 2679 2156 2710 vox

382 2739 474 2783 hoc
498 2739 727 2795 temporis
762 2743 1004 2783 momento
1046 2739 1156 2784 ideo
1197 2754 1291 2783 non
1337 2740 1514 2796 affecit,
1550 2739 1679 2798 quod
1713 2753 1815 2784 eam
1846 2753 1940 2784 non
1982 2739 2156 2784 clarius

383 2813 570 2858 audivit
603 2827 740 2870 quam
783 2814 928 2870 paulo
978 2817 1087 2858 ante
1136 2814 1304 2872 satyri.
1365 2814 1457 2859 Vel
1506 2829 1561 2858 ex
1608 2813 1698 2858 hac
1746 2828 1837 2871 qua
1869 2813 2058 2858 Silenus
2105 2827 2157 2857 se

384 2887 511 2944 gerit
547 2887 734 2931 ratione
767 2886 911 2931 facile
943 2887 1242 2945 intellegitur
1273 2891 1466 2946 satyros
1499 2902 1546 2932 v.
1569 2889 1656 2934 110
1687 2901 1792 2944 sqq.
1823 2901 1976 2944 aequo
2001 2886 2158 2931 animo

384 2960 701 3018 processisse,
726 2975 1006 3018 quamquam
1039 2962 1131 3005 iam
1167 2961 1469 3006 audivissent
1503 2961 1733 3006 citharam
1765 2974 1962 3019 sonare,
1996 2959 2162 3005 confer

387 3049 575 3079 versum
609 3035 701 3084 col,
733 3036 775 3080 V
807 3039 850 3092 2,
882 3037 968 3081 108
1002 3050 1104 3080 cum
1137 3049 1282 3080 versu
1316 3037 1408 3081 col.
1440 3036 1505 3081 VI
1538 3037 1577 3092 1,
1611 3038 1712 3082 133.

565 3122 639 3180 1⁰2)
663 3124 798 3168 Hunc
822 3125 979 3169 locum
1002 3125 1183 3169 Koerte
1206 3139 1254 3181 p.
1277 3126 1364 3171 560
1386 3139 1514 3169 nova
1538 3124 1753 3169 adhibita
1777 3125 2161 3182 interpunctione

390 3199 584 3255 egregie
620 3199 920 3257 emendavit3
952 3214 1122 3244 versus
1155 3200 1351 3258 154s155
1382 3200 1465 3244 ille
1499 3199 1777 3244 Germanice
1811 3201 1986 3244 vertit:
2020 3200 2162 3255 „Was

390 3273 492 3317 lasst
525 3273 600 3316 ihr
633 3274 752 3318 euch
785 3274 933 3318 durch
968 3274 1042 3318 ein
1085 3288 1231 3319 neues
1273 3274 1751 3320 schmeichlerisches
1785 3273 2044 3329 Gerausch,
2077 3274 2164 3317 das

392 3347 731 3405 irgendwoher
774 3362 871 3392 von
904 3348 1074 3392 Hirten
1113 3348 1309 3405 kommt,
1342 3349 1433 3392 wie
1477 3349 1554 3394 die
1589 3349 1782 3406 Kinder,
1829 3348 1915 3392 elie
1960 3348 2034 3392 ihr
2077 3348 2164 3391 das

392 3423 520 3491 Dsing
553 3424 778 3479 gesehen,
811 3424 858 3466 in
892 3423 1164 3468 Schrecken
1199 3424 1423 3469 setzen‘?“
