2274 4036
796 287 1057 360 '-39
1098 338 1170 344 —-

128 483 323 554 solent,
350 484 662 537 Mercurium
705 479 951 543 cohortis
973 490 1183 551 portam
1212 481 1413 537 dixisse
1441 485 1697 551 suspicor.
1760 484 1910 547 Quae

127 578 286 644 porta
322 572 455 626 satis
493 572 797 641 magnifica,
826 572 1035 625 duabus
1061 576 1321 625 exornata
1345 572 1636 641 porticibus
1664 573 1732 625 ab
1761 578 1912 642 antro

129 661 429 730 caliginoso
470 667 523 714 et
562 661 789 714 obscuro
829 660 1003 729 magis
1040 661 1159 714 sine
1199 659 1360 713 dubio
1402 660 1651 713 abhorret
1690 677 1848 728 quam
1879 680 1910 713 a

131 750 289 804 domo
328 750 603 818 locupleti,
643 755 798 818 porta
838 755 890 803 et
929 749 1159 802 claustro
1200 749 1419 818 munita,
1461 748 1675 803 cohorte
1716 750 1908 818 cincta,

129 840 294 909 vasis,
336 839 568 908 cortiniS,
611 855 756 908 auro,
817 844 1037 906 argento
1098 838 1279 891 divite.
1384 841 1482 913 An⁸
1527 839 1645 908 quis
1686 845 1783 906 est,
1827 840 1911 891 cui

126 945 342 983 versum
382 928 492 984 384
529 929 760 996 legenti:

355 1023 416 1072 οὺ
458 1023 528 1090 μὰ
566 1016 680 1073 τάδ’
719 1021 997 1074 ἀθανάτων
1036 1021 1334 1089 εὐκόσμητα
1373 1021 1668 1089 προθύραια

128 1124 236 1160 non
275 1122 591 1177 persuasum
632 1107 701 1158 sit
740 1105 872 1159 deos
911 1110 1129 1177 poetam
1183 1106 1422 1160 voluisse
1472 1113 1657 1177 portas
1710 1107 1909 1176 habere

129 1194 522 1267 splendidiores
551 1195 782 1265 quidem,
813 1195 1003 1248 eodem
1029 1201 1209 1247 tamen
1237 1194 1398 1248 modo
1425 1200 1721 1248 exstructas
1748 1201 1909 1266 atque

123 1284 418 1338 Mercurii?
494 1284 595 1337 Ille
654 1289 833 1355 poeta,
877 1285 960 1337 cui
1011 1300 1199 1338 versus
1247 1284 1354 1340 270
1409 1290 1461 1337 et
1499 1285 1603 1336 271
1650 1284 1914 1338 debemus.

129 1379 220 1426 aut
258 1390 447 1426 vocem
488 1377 753 1446 πρόθυρον
792 1380 992 1427 temere
1035 1391 1101 1426 ex
1127 1374 1427 1427 Homericis
1467 1375 1694 1446 sumpsit
1722 1376 1905 1427 carmi-

119 1462 284 1522 ‘nibus
341 1464 486 1517 illius
523 1464 755 1517 notionis
793 1481 1009 1535 prorsus
1049 1465 1340 1533 immemor,
1380 1496 1453 1502 ——
1493 1463 1590 1517 scd
1629 1464 1684 1516 id
1734 1464 1909 1536 ipsum

126 1553 361 1625 priscum
410 1557 627 1624 poetam
689 1552 886 1606 fecisse
926 1554 1188 1606 Robertus
1244 1558 1424 1621 negat,
1479 1569 1672 1623 neque,
1732 1553 1777 1606 si
1835 1554 1911 1605 ita

124 1642 274 1711 fecit,
303 1659 373 1695 ex
410 1642 556 1695 illins
583 1642 762 1695 verbis
804 1642 1070 1714 quomodo
1110 1642 1203 1695 ille
1246 1642 1334 1695 dei
1374 1642 1559 1703 sedem
1601 1643 1778 1695 animo
1807 1643 1910 1696 sibi

126 1733 351 1804 finxerit,
378 1733 718 1805 perspicuum
748 1740 828 1786 est
854 1769 927 1775 --
954 1739 1046 1785 aut
1071 1733 1299 1786 similem
1319 1733 1578 1804 porticum
1601 1739 1654 1786 et
1679 1733 1907 1787 similem

125 1828 335 1894 portam
365 1822 544 1875 Maiae
580 1822 818 1875 attribuit
841 1828 1001 1893 atque
1037 1821 1161 1874 huic
1198 1827 1382 1875 auctor
1417 1838 1604 1875 versus
1645 1822 1751 1875 158
1797 1826 1909 1878 διὲκ

124 1915 428 1983 προθύροιο,
481 1927 668 1964 versus
709 1910 817 1966 384
867 1914 1165 1983 εὐκόσμητα
1203 1915 1499 1983 προθύραια
1540 1911 1672 1964 deis.
1754 1910 1901 1974 Quos

128 2006 371 2053 auctores
414 2018 446 2052 a
483 2001 660 2069 prisco
701 2001 794 2052 illo
841 2001 1084 2054 diversos
1124 2000 1292 2054 fuisse
1340 2001 1629 2054 Robertum
1671 2018 1906 2071 compro-

126 2089 288 2142 basse
328 2105 487 2157 nego.

394 2224 494 2275 De
546 2224 911 2276 Mercurii
971 2230 1194 2276 antro
1244 2224 1637 2294 Cyllenio,

121 2404 126 2409 ῃ
306 2329 510 2381 Dixerit
550 2329 838 2400 quispiam:
885 2329 1022 2400 „Cur
1061 2328 1242 2398 hymni
1283 2315 1462 2401 poeta,
1504 2330 1548 2383 si
1591 2329 1803 2383 domum
1851 2331 1905 2382 in

126 2415 302 2468 animo
343 2416 594 2484 habebat,
623 2417 712 2470 dei
751 2418 936 2472 sedem
978 2425 1182 2471 antrum
1225 2419 1599 2490 appellavit?“
1643 2419 1728 2472 Ad
1766 2419 1906 2472 hanc

126 2506 493 2576 quaestionem
572 2507 834 2560 Robertus
909 2508 1026 2578 ipse
1104 2508 1237 2560 scite
1313 2508 1590 2579 respondit
1652 2528 1703 2579 p.
1770 2509 1905 2564 418:

129 2589 707 2664 „Selbstverstiindlich
768 2596 968 2650 konnte
1030 2597 1123 2650 der
1181 2597 1387 2665 Begriff
1439 2596 1532 2649 der
1589 2596 1764 2649 Hohle
1825 2597 1906 2649 als

125 2712 383 2757 Perniceus
414 2713 444 2757 1.
468 2727 505 2757 s.
530 2727 566 2757 s.
589 2728 634 2771 p.
668 2716 726 2760 20
758 2727 864 2772 sqq.
899 2714 1108 2759 dilucide
1144 2715 1510 2759 demonstravit.
1543 2715 1908 2760 Posterioribus

125 2787 424 2845 temporibus
471 2788 706 2845 prothyra
739 2787 924 2833 Graeca
966 2789 1286 2833 Romanorum
1330 2789 1681 2833 vestibulorum
1730 2789 1906 2833 similia

123 2861 274 2905 fuisse
321 2861 573 2906 Vitruvius
624 2863 881 2907 memoriae
927 2863 1146 2919 prodidit
1193 2863 1259 2907 VI
1294 2868 1362 2919 10,
1403 2864 1638 2920 5:'„Item
1670 2864 1905 2921 prothyra

126 2934 310 2980 Graece
343 2936 564 2981 dicuntur
598 2950 718 2994 quae
753 2942 864 2981 sunt
895 2942 1005 2982 ante
1040 2939 1205 2982 ianuas
1239 2938 1526 2995 vestibula‚“
1552 2952 1673 2996 quae
1698 2943 1830 2984 tecto
1855 2945 1905 2984 et

102 3011 269 3075 *muris
304 3025 362 3055 ex
394 3011 547 3056 tribus
579 3012 799 3069 partibus
834 3012 1084 3065 instructa,
1120 3027 1177 3057 ex
1211 3017 1383 3070 quarta
1421 3014 1482 3057 ad
1513 3015 1723 3071 plateam
1763 3029 1906 3059 versa

124 3087 292 3140 aperta
313 3083 464 3129 fuisse
486 3084 738 3141 Wiegand,
761 3086 947 3142 Priene,
970 3086 1131 3130 Berlin
1154 3088 1270 3133 1904
1290 3101 1338 3144 p.
1361 3087 1448 3133 285
1471 3101 1590 3145 sqq.‚
1614 3089 1904 3146 Marquardt⁷

124 3159 434 3204 Privatleben
467 3161 553 3204 der
583 3161 759 3205 Romer
779 3159 849 3216 12,
883 3161 1082 3218 Leipzig
1114 3162 1230 3208 1886
1250 3175 1296 3218 p.
1319 3163 1407 3207 224
1440 3164 1903 3207 demonstraverunt.

124 3232 293 3289 Itaque
340 3247 511 3278 vocem
563 3237 781 3288 πρόθυρον
828 3247 1047 3291 umquam
1092 3239 1228 3290 αὐλήν
1287 3236 1442 3294 ipsam
1490 3237 1804 3294 significasse,
1853 3243 1906 3282 ut

123 3307 286 3362 Lange
310 3307 489 3364 docuit,
512 3308 640 3353 Haus
662 3309 758 3352 und
779 3309 931 3364 Halle,
954 3309 1152 3366 Leipzig
1175 3311 1290 3357 1885
1312 3325 1357 3368 p.
1379 3311 1437 3355 34
1468 3325 1619 3370 neg-03
1651 3326 1757 3356 nam
1779 3313 1905 3356 inter

126 3381 278 3425 aulam
320 3386 369 3426 et
392 3381 558 3427 domus
592 3388 781 3439 portam
814 3384 1031 3440 porticus
1079 3385 1336 3445 intererat-3
1386 3399 1478 3442 quo
1526 3386 1627 3429 iure
1660 3386 1902 3431 Robertus

127 3456 376 3512 quodlibet
416 3457 622 3513 spatium
663 3471 862 3501 vacuum
914 3471 1035 3502 voce
1085 3461 1301 3513 πρόθυρον
1337 3461 1680 3517 designaverit,
1723 3461 1905 3505 nescio·
