2274 4036
846 300 1231 420 —113-'

691 977 693 979 ¹
784 933 978 1014 Index
1015 974 1228 1015 rerum.

127 1074 202 1123 De,
231 1073 344 1118 loco
378 1077 426 1117 et
458 1073 623 1117 ordine
656 1072 847 1118 fabulae
881 1073 1181 1131 Sophocleae
1272 1109 1721 1120 .......
1768 1090 1812 1133 p.
1873 1078 1903 1121 4

128 1147 200 1191 De
232 1147 344 1192 loco
379 1151 428 1190 et
460 1147 625 1192 ordine
660 1147 879 1192 carminis
914 1148 1040 1204 epici
1079 1170 1085 1176 ·
1119 1182 1720 1196 .........
1766 1165 1812 1208 p.
1875 1153 1902 1195 8

130 1220 223 1264 Cur
255 1220 522 1278 Sophocles
555 1235 777 1265 scaenam
809 1220 1001 1266 fabulae
1025 1222 1073 1265 in
1099 1221 1319 1280 Cyllenio
1341 1224 1559 1279 posuerit
1581 1227 1717 1268 antro
1762 1238 1807 1281 p.
1842 1227 1898 1270 16

127 1294 199 1339 De
231 1295 452 1341 Mercurii
484 1298 620 1340 antro
653 1295 796 1353 Pylio
812 1329 1715 1342 .............
1762 1312 1810 1356 p.
1844 1299 1901 1344 18

127 1370 200 1414 De
231 1369 393 1428 hymni
424 1369 668 1414 Homerici
701 1370 885 1426 origine
920 1373 968 1414 et
999 1370 1278 1427 integritate
1340 1405 1719 1418 ......
1766 1386 1812 1430 p.
1844 1373 1902 1417 32

127 1444 199 1488 De
231 1444 453 1489 Mercurii
485 1449 623 1490 antro
659 1445 878 1503 Cyllenio
963 1480 1717 1492 ...........
1764 1461 1812 1504 p.
1845 1448 1901 1492 39

128 1519 201 1563 De
232 1517 376 1564 boum
407 1519 634 1577 vestigiis
665 1554 1716 1567 ...............
1764 1535 1812 1578 p.
1844 1521 1902 1567 45

128 1593 200 1637 De
234 1591 477 1650 Apollinis
510 1608 656 1652 grege
691 1608 718 1638 a
750 1594 981 1639 Mercurio
1017 1594 1180 1639 ablato
1261 1629 1719 1641 .......
1767 1609 1813 1653 p.
1846 1597 1901 1642 61

128 1666 200 1711 De
232 1667 368 1724 lyrae
401 1668 680 1712 inventione
745 1702 755 1711 .
819 1703 827 1712 .
892 1703 901 1713 .
966 1702 975 1711 .
1039 1703 1049 1714 .
1115 1659 1124 1713 ζ
1190 1703 1718 1716 ........
1766 1683 1811 1727 p.
1844 1672 1903 1716 64

128 1742 199 1784 De
232 1741 571 1797 Indagatorum
603 1742 871 1799 fragmento
906 1743 1032 1801 apud
1062 1743 1308 1787 Pollucem
1342 1748 1535 1789 servato
1562 1780 1570 1788 .
1635 1779 1644 1790 .
1710 1779 1719 1788 .
1766 1757 1813 1801 p.
1847 1744 1904 1789 68

129 1816 201 1860 De
234 1815 490 1872 Sophoclis
522 1815 714 1861 fabulae
746 1816 888 1861 rebus
922 1817 1157 1862 scaenicis
1190 1852 1721 1863 ........
1767 1832 1814 1876 p.
1847 1821 1901 1864 77

128 1889 200 1933 De
232 1889 573 1947 Indagatorum
602 1890 795 1935 fabulae
830 1891 961 1936 exitu
1045 1926 1720 1938 ..........
1767 1906 1813 1950 p.
1846 1894 1901 1938 91

130 1962 437 2022 Appendices
520 1999 1201 2012 ..........
1227 1970 1229 1972 ’
1265 2000 1647 2011 ......
1766 1980 1812 2023 p.
1846 1969 1902 2013 93

310 2575 443 2621 Hunc
475 2574 688 2620 libellum
720 2575 836 2620 belli
869 2575 1006 2620 initio
1040 2575 1171 2633 typis
1207 2577 1561 2634 exprimendum
1596 2578 1759 2623 curavi
1791 2579 1904 2622 mul-

133 2650 290 2707 tisque
336 2649 426 2695 hac
468 2650 526 2695 de
559 2663 705 2695 causa
736 2664 812 2694 res
848 2653 949 2694 erat
983 2648 1233 2695 obstructa
1266 2650 1658 2710 difficultatibus3
1690 2652 1904 2697 nonnulli

133 2723 246 2768 libri
277 2728 389 2769 tunc
419 2725 536 2769 mihi
567 2739 661 2769 non
693 2728 890 2781 praesto
926 2728 1074 2768 erant.
1140 2723 1435 2782 Corrigenda
1467 2730 1576 2770 sunt
1607 2726 1754 2771 haec:

136 2811 182 2854 p.
217 2798 287 2854 12,
319 2801 377 2845 37
408 2799 438 2843 1.
472 2799 666 2856 Lipsiae
701 2800 831 2854 1896,
864 2813 910 2855 p.
944 2799 1014 2855 21,
1047 2800 1103 2843 26
1135 2799 1322 2855 Mezger

132 2885 180 2927 p.
215 2874 284 2927 70,
318 2872 374 2916 14
407 2873 438 2916 l.
471 2872 646 2928 Koner,
678 2887 723 2928 p.
757 2876 827 2929 81,
860 2876 916 2919 27
951 2873 1216 2918 Rossbach.
